2284 3496
141 172 172 226 aa
371 170 542 238 normarum
558 170 703 232 saconoa,
723 176 750 232 v,
768 170 807 223 tr.

142 293 267 368 litteras,
285 289 341 354 etsi
361 289 429 370 jure
447 289 601 370 potaram⁵
617 309 634 352 a
648 297 675 351 te
689 289 855 370 lacessitus,
871 299 970 363 tamen
991 311 1056 355 non
1135 309 1136 312 ’

143 389 303 471 proteram,
315 387 425 470 quibus
438 387 513 468 petis
528 393 561 448 ut
575 386 629 448 tibi
646 405 756 468 perme
770 387 860 452 liceat
871 391 1057 470 quemdam⁶
1133 405 1134 476 ἢ

143 487 180 550 de
205 485 306 550 exsilio
328 485 485 564 reducere,
511 485 692 567 adjurasque
704 485 735 549 id
749 493 789 564 tc,
807 487 900 550 invito
916 507 976 566 ma,
991 509 1056 552 non
1133 515 1134 518 ¹

141 604 208 648 esse
227 586 375 647 iacturum
393 583 507 664 :idque
529 601 546 644 a
561 601 609 644 me
623 583 800 666 impetrasti.
816 584 892 656 Quid
911 587 990 648 enim
1004 586 1055 650 m'e
1135 651 1136 654 ,

151 683 373 763 interponerem
397 679 530 743 audaciae
553 687 621 759 tuae,
653 700 743 762 quam
767 700 864 762 nequa
891 685 1055 746 auctoritas
1135 683 1136 718 ³

142 780 231 862 hujus
245 779 357 841 ordinis
377 797 475 860 nequa
494 778 673 844 existimatio
699 779 801 860 populi
815 781 940 850 Romani
954 799 1055 862 neque

141 877 227 958 loges
241 877 309 940 ultae
324 883 446 958 possent
460 877 619 940 coercere?
700 941 701 944 ,

182 976 229 1038 to.
247 975 360 1038 Verum
376 983 473 1037 tamen
484 974 556 1056 quid
572 983 635 1037 erat
650 976 730 1058 quod
745 995 792 1037 ma
807 995 940 1057 rogaras,
951 977 976 1040 si
989 986 1054 1040 erat

142 1075 168 1138 is
187 1075 223 1136 da
245 1093 304 1155 quo
328 1073 454 1151 rogabas
474 1071 599 1136 Caesaris
620 1073 685 1153 lege
708 1073 872 1138 reductus?
887 1075 946 1138 Sed
962 1075 1049 1138 vide·
1133 1141 1134 1160 χ

141 1172 211 1234 licet
235 1189 333 1232 meam
352 1171 482 1248 gratiam
500 1169 591 1232 voluit
606 1188 684 1250 esse,
701 1171 732 1232 in
747 1189 807 1253 quo
822 1191 860 1236 ne
874 1172 969 1254 ipsius
982 1174 1051 1254 qui-

143 1270 210 1331 dem
227 1268 287 1330 ulla
302 1286 368 1330 esse
383 1275 497 1349 poterat
511 1267 577 1348 lege
590 1268 650 1333 lata
660 1269 684 1330 ¹.

182 1367 216 1430 V.
241 1366 300 1430 Sed
315 1385 382 1431 cum
397 1367 483 1444 mihi,
500 1373 599 1448 patres
613 1367 785 1448 conscripti,
803 1374 832 1430 et
853 1386 905 1450 pro
926 1387 973 1430 ma
988 1369 1045 1431 ali-

143 1464 215 1547 quid
230 1473 260 1526 et
280 1464 311 1526 in
330 1463 367 1526 M.
384 1463 547 1526 Antonium
566 1464 658 1526 multa
678 1465 804 1527 dicenda
826 1464 897 1541 siut,
919 1466 1049 1528 alterum

143 1571 209 1644 peto
222 1581 240 1624 a
251 1563 333 1624 robis
349 1569 381 1624 ut
397 1580 443 1622 ma
459 1581 512 1641 pro
536 1561 747 1624 medicantem
765 1561 905 1640 benigna,
920 1563 1049 1636 alterum
1135 1563 1136 1566 ’

142 1662 206 1742 ipse
224 1659 351 1722 efficiam
367 1670 409 1735 ut,
426 1667 529 1722 contra
548 1658 635 1721 iilum
651 1679 719 1722 cum
738 1660 846 1738 dicam,
862 1667 974 1724 attente
990 1681 1043 1723 au·
1135 1723 1136 1732 ,

143 1758 242 1820 diatis.
255 1757 349 1822 Simul
362 1757 437 1819 iliud
450 1776 513 1832 oro,
527 1757 551 1820 si
567 1777 665 1822 meam
676 1777 744 1820 cum
761 1759 791 1820 iu
805 1758 967 1837 omnivita,
980 1766 1044 1822 tum
1135 1749 1136 1782 ³

142 1857 173 1918 in
188 1855 314 1920 dicendo
329 1855 566 1920 moderationem
582 1857 819 1936 modestiamque
833 1857 994 1936 cognostis,
1008 1875 1045 1918 ne
1135 1855 1136 1880 ³

142 1975 190 2018 me
205 1953 305 2030 hodie,
318 1974 385 2020 cum
397 1954 461 2032 isti,
472 1961 505 2016 ut
520 1955 700 2035 provocavit,
713 1955 909 2036 respondero,
920 1954 1047 2018 oblitum

143 2072 209 2116 esse
220 2053 328 2135 putetis
341 2053 412 2116 mei.
422 2051 488 2115 Non
500 2051 632 2115 tractabo
647 2059 680 2114 ut
690 2053 844 2138 consulem
856 2073 863 2114 z
876 2073 913 2116 ne
925 2053 977 2114 itta
988 2053 1049 2135 qui·
1132 2053 1134 2058 '

143 2151 228 2213 dem‘
241 2159 325 2213 maut
334 2149 681 2212 consularem.Etsi³illc
690 2150 772 2212 nullo
781 2149 1047 2228 modoconsul,vel

143 2248 365 2331 quooitavivit,
376 2249 422 2310 vel
432 2247 512 2330 quod
527 2249 569 2310 ita
582 2265 647 2312 raro
660 2247 812 2329 publicam
824 2247 962 2327 gerit,vei
971 2248 1047 2330 quod

142 2348 184 2410 ita
199 2349 296 2410 factus
312 2347 377 2409 est‘
392 2366 399 2408 :
417 2365 471 2425 ego
485 2347 549 2408 sine
565 2346 626 2408 ulla
638 2346 839 2408 controversia
852 2347 1026 2408 consularis.

183 2445 230 2507 m.
251 2443 287 2508 Ut
306 2444 399 2523 igitur
413 2445 622 2523 intelligeretis
635 2445 755 2524 qualem
770 2445 879 2526 ipsese
895 2445 1046 2508 consulem

141 2543 343 2624 profiteretur,
362 2541 471 2621 objecit
484 2541 557 2603 mihi
573 2543 762 2606 consulatum
778 2561 890 2606 meum.
910 2543 967 2616 Qui
982 2562 1046 2604 con·

143 2777 242 2826 l'autcur.
251 2775 300 2819 d'od
311 2773 431 2818 l'indicatit.
442 2795 469 2806 -
479 2775 499 2816 5.
508 2776 570 2818 Pota·
652 2749 706 2818 10.s
715 2774 734 2819 t.
746 2777 800 2828 bega
814 2775 870 2822 toto.
885 2771 983 2827 puisqu’il
996 2745 1044 2818 itait

143 2851 200 2889 rom.
218 2839 318 2881 indicati!
334 2849 387 2893 pour
408 2837 427 2878 la
445 2837 569 2893 subiunctis.
624 2835 711 2892 rappatb
725 2847 763 2891 par
774 2847 815 2878 una
825 2834 854 2876 toi
869 2835 904 2888 qui
917 2834 1009 2877 amonuit
1019 2835 1044 2878 do

143 2923 170 2932 —
186 2901 208 2944 6.
236 2902 364 2954 Quamdom.
388 2907 456 2945 torma
481 2900 571 2955 general
624 2897 1045 2948 cosar.-9.Neittacatdcm‚tuiaao

144 2977 183 3018 par
206 2963 276 3017 lequel
301 2964 394 3006 l'autaur
424 2964 514 3018 designa
542 2963 571 3004 ici
622 2964 685 3015 ptos.
701 2983 726 2992 -
740 2959 761 3000 3.
780 2960 829 3001 naas
844 2971 867 3000 se
887 2960 939 3002 rand
954 2960 1004 3002 bion
1018 2961 1043 3002 ici

143 3027 193 3068 Sex.
232 3019 328 3076 Clodius,
362 3028 384 3069 la
413 3028 509 3071 rotetttta
543 3025 570 3066 da
624 3037 662 3078 par
675 3022 790 3064 d'aitleurs.
803 3020 860 3062 -b
874 3022 1043 3074 ttat'octaaast

63 3105 64 3108 ¹
143 3088 167 3131 P.
180 3088 274 3138 Clodius,
286 3089 322 3142 qui
333 3090 389 3131 avait
404 3089 438 3132 ata'
451 3084 568 3131 condemna
623 3099 653 3128 sc.
675 3086 768 3134 coarcat,¹
791 3082 843 3126 c'cst
860 3081 925 3127 δέειν
940 3085 974 3139 qui
991 3082 1043 3126 latit

144 3149 226 3194 at’axit
236 3150 280 3193 lora
293 3149 321 3192 du
331 3149 408 3204 procas
418 3149 444 3192 da
457 3150 532 3194 Milon.
623 3158 719 3190 oommar
734 3145 819 3190 consul.
