2284 3496
33 165 34 170 ,
121 151 153 202 aa
324 147 512 214 tentanum
531 143 806 208 srcmnuxtnrs.
888 137 898 152 “

120 266 323 344 confirmabat,
340 265 418 346 quod
433 265 616 351 desiderium
638 264 681 325 tui
704 260 841 325 discidii³
858 263 937 326 ferre
962 279 1021 324 non

121 373 231 448 posset,
245 383 277 426 se
291 363 322 425 in
338 363 477 425 exsilium
495 362 617 424 iturum.
664 355 666 360 ’

159 464 210 525 to.
234 462 297 535 Quo
320 469 454 541 tempore
477 479 531 540 ego
561 465 672 542 quanta
701 457 779 520 mala
805 459 1022 522 florentissimae

119 561 240 623 familiae
252 555 352 621 sedavi
367 557 413 621 vel
425 559 524 641 potius
538 557 663 621 sustuli!
685 556 766 619 Patri
786 555 921 638 persuasi
936 564 969 618 ut
982 576 1023 619 aes

119 659 249 721 alienum
284 657 339 718 filii
377 655 563 734 dissolveret,
599 654 760 717 redimeret
801 653 1023 717 adulescentem

119 773 235 817 summa
247 773 299 836 spe
318 760 347 815 et
363 751 455 815 animi
468 760 495 815 et
510 751 624 832 ingenii
640 749 796 833 praeditum
810 749 855 813 rei
867 750 1023 816 familiaris

119 852 323 930 facultatibus
339 869 467 932 eumque
488 869 548 914 non
567 851 655 912 modo
677 856 729 910 tua
743 847 954 924 familiaritate,
971 847 1023 911 sed

81 945 85 951 ’
119 951 208 1012 etiam
224 951 436 1029 congressione
451 948 546 1030 patrio
556 947 625 1027 jure
640 954 668 1008 et
681 953 824 1028 potestate
842 946 1021 1028 prohiberet.

92 1081 94 1085 Α
119 1048 189 1110 llaec
203 1055 234 1109 tu
258 1066 326 1108 cum
341 1065 394 1128 per
415 1065 462 1108 me
488 1053 552 1110 acta
570 1045 772 1122 meminisses,
794 1044 852 1106 nisi
867 1044 928 1106 illis
949 1063 1023 1126 quos

119 1145 254 1208 videmus
275 1144 383 1224 gladiis
404 1141 580 1218 confideres,
610 1141 775 1204 maledictis
798 1161 844 1204 me
864 1160 1022 1224 provocare

121 1261 210 1304 ausus
224 1239 327 1304 esses?

159 1336 235 1402 XlX.
255 1337 304 1400 dl.
324 1337 384 1402 Sed
395 1336 456 1420 jam
472 1345 575 1420 stupra
586 1345 615 1400 et
625 1336 739 1420 flagitia
748 1337 919 1400 omittamus
933 1358 940 1398 ι
956 1343 1024 1400 sunt

120 1435 256 1520 quaedam
274 1455 340 1518 quae
353 1437 477 1498 honeste
497 1455 557 1497 non
568 1453 691 1517 possum
705 1435 816 1514 dicere,¹
830 1443 863 1496 tu
878 1443 976 1497 antem
989 1453 1024 1496 eo

118 1534 260 1597 liberior¹
278 1533 357 1616 quod
372 1553 407 1596 ca
420 1534 452 1595 in
466 1541 495 1594 te
508 1533 654 1594 admisisti
670 1551 735 1612 quae
751 1533 949 1594 averecundo
965 1531 1025 1593 ini-

120 1633 197 1694 mico
217 1631 321 1692 audire
338 1649 398 1691 non
413 1629 548 1710 posses&
567 1628 625 1692 Sed
643 1628 796 1710 reliquum
817 1628 885 1692 vitae
904 1647 1025 1691 cursum

119 1731 228 1804 ridete,
250 1747 338 1812 quem
365 1725 485 1809 quidem
505 1725 643 1792 celeriter
669 1726 878 1810 perstringam.
901 1729 945 1790 Ad
961 1727 1024 1790 haec

122 1828 202 1890 enim
216 1844 282 1909 quae
296 1824 328 1886 irl
348 1825 426 1888 civili
442 1824 531 1903 bello,
541 1824 572 1886 in
585 1825 723 1887 maximis
735 1825 779 1888 rei
793 1823 919 1907 publicae
934 1826 1024 1888 mise·
1053 1884 1055 1888 .

119 1924 174 1986 riis
188 1923 269 2002 fecit,
281 1930 310 1983 et
325 1921 361 1985 ad
375 1941 409 1984 ea
428 1941 493 2004 quae
513 1921 645 2004 quotidie
663 1921 734 1984 facit
753 1922 874 1985 festinat
892 1923 1021 1986 animus.

120 2022 191 2095 Quae
207 2027 274 2103 pcto
289 2027 333 2098 ut,
348 2017 518 2101 quanquam
527 2017 619 2081 multo
629 2018 835 2082 notioravobis
846 2041 935 2103 quam
950 2020 1023 2082 milri

121 2125 201 2190 sunt,
217 2124 328 2194 tamen,
350 2123 381 2177 ut
403 2115 512 2191 tacitis,
534 2123 645 2178 attente
666 2116 810 2196 audiatis,
831 2106 919 2180 debet
942 2119 1022 2180 enim

121 2216 229 2277 talibus
250 2215 280 2275 in
295 2213 386 2276 rebus
410 2215 537 2276 excitare
558 2214 674 2277 animos
693 2233 753 2276 non
775 2216 903 2294 cognitio
925 2216 1022 2278 solum

121 2332 234 2390 rerum,
250 2311 302 2374 sed
318 2312 408 2374 etiam
419 2311 585 2374 recordatio
599 2332 606 2373 ε
620 2311 696 2374 etsi³
707 2311 886 2392 incidamus,
903 2313 1021 2395 opinor,

121 2408 233 2486 media,
247 2427 285 2472 ne
297 2409 386 2471 nimis
402 2427 469 2472 sero
484 2408 522 2475 ed
535 2415 665 2471 extrema
682 2411 847 2473 veniamus.

160 2506 210 2567 ta.
235 2505 361 2567 intimus
371 2514 433 2567 erat
446 2505 477 2567 in
490 2505 640 2568 tribunatu
653 2505 756 2570 Clodio
766 2509 789 2586 ¹,
800 2509 871 2590 qui²
886 2527 938 2570 sua
953 2527 1023 2588 erga

122 2623 169 2668 rue
183 2601 329 2666 beneficia
344 2612 569 2682 commemorat;
583 2604 649 2683 ejus
665 2606 798 2670 omnium
814 2605 1023 2670 incendiorum

122 2792 142 2834 3.
157 2789 447 2842 neriaertemtotutaotutt
462 2794 546 2847 regrets
601 2797 662 2847 pecte
687 2805 714 2834 ne
732 2796 783 2848 peut
810 2803 848 2846 pas
867 2791 943 2846 parler.
959 2815 985 2823 -
1003 2793 1024 2836 3.

122 2853 188 2914 d'dtre
203 2851 274 2907 separe
287 2853 313 2896 de
327 2853 365 2896 toi.
600 2849 657 2905 ntra,
672 2855 778 2898 toutefois.
799 2854 852 2908 Voy.
863 2854 875 2909 ὅ
888 2853 922 2908 ii,
940 2860 991 2897 note
1003 2854 1024 2898 l.

148 2917 191 2958 41.
210 2915 230 2957 t.
250 2916 358 2965 tilmon.
367 2915 418 2959 dans
428 2920 460 2960 tao
472 2915 560 2960 iurac-'
626 2921 668 2961 ⁴0.
686 2915 706 2958 l.
725 2911 810 2968 Clodio,
830 2915 871 2972 qui,
886 2917 978 2972 pendant
990 2930 1031 2960 son

121 2977 177 3018 tiras
188 2983 261 3020 contro
274 2979 325 3022 moi.
333 2978 388 3024 -2.
399 2979 513 3022 Admtetrtt'
600 2978 700 3027 tribunat.
714 2977 737 3020 ut
748 2979 814 3022 exiler
823 2979 920 3024 ciceron.
928 2980 981 3035 Voy.
994 2981 1030 3022 ln·

119 3049 205 3092 possea.
226 3038 342 3084 Antoinea
356 3040 493 3084 commiades
511 3041 547 3084 lu·
601 3039 665 3090 trod,
679 3039 691 3094 fl
707 3040 727 3082 l.
740 3063 767 3072 -
782 3041 803 3086 2.
823 3043 869 3096 aot
880 3055 892 3084 a
904 3055 956 3100 pour
967 3040 1027 3086 aue

121 3099 194 3142 lamias
203 3098 255 3142 dont
269 3113 297 3143 uu
314 3103 399 3146 ennensi
411 3103 447 3156 qui
467 3115 490 3144 se
501 3114 546 3144 res-
600 3101 674 3144 cedent
690 3102 718 3150 tc.
739 3103 798 3156 rujet
810 3111 917 3148 eoua=ontr
932 3105 958 3148 de
970 3108 1028 3148 crat.
