2284 3496
358 154 533 202 PHILIPPICA
552 155 699 210 SECUNDA,
719 155 782 213 lIlII,
799 153 838 202 52.
1013 154 1044 201 55

178 269 227 328 5¹·
251 267 322 330 Nam
339 287 417 345 cum,
433 269 465 330 L.
485 269 606 330 Lentulo
623 268 654 331 C.
677 267 834 331 Marcello¹
852 268 1038 345 consulibus,
1053 245 1067 292 '¹'
1089 224 1141 268 e

137 352 278 427 Kalendis
302 366 470 428 tenuerint
491 366 638 427 labentem
658 373 688 426 et
703 385 795 448 prope
811 367 965 428 cadentem
981 385 1043 428 rem

138 462 286 542 publmam
308 463 413 524 fulcire
435 464 595 544 cuperetis,
616 464 732 544 ipsique
747 463 778 526 C.
796 463 916 542 Caesari,
931 465 956 524 si
973 483 1044 526 sena

135 568 233 620 mente
249 566 336 636 esset,
348 562 503 622 consulere
512 561 638 637 velletis,
647 568 708 622 tum
720 561 774 622 iste
787 561 939 622 venditum
953 568 1041 641 etque

135 655 353 737 emancipatum
378 658 560 719 tribunatum
584 659 716 720 consiliis
734 659 839 720 vestris
865 659 1039 738 opposuit³,

136 754 324 837 cervicesque
337 774 406 818 suas
421 757 449 817 ei
463 756 587 836 subjecit
597 757 694 818 securi
710 756 861 838 quamulti
876 755 1041 818 minoribus

134 851 307 932 inpeccatis
323 853 505 914 occiderunt.
527 853 562 915 In
577 860 617 930 te,
640 853 678 914 M.
697 853 818 929 Antoni,
839 853 868 914 id
886 854 1039 915 decrevit*

135 957 256 1010 senatus
271 957 299 1010 et
319 951 439 1031 quidem
462 950 633 1028 incolumis
653 951 784 1012 nondum
809 957 852 1010 tot
877 941 1041 1011 luminibus

134 1045 296 1124 exstinctis,
312 1047 388 1128 quod
404 1048 435 1108 in
452 1049 566 1110 hostem
579 1055 711 1126 togatum
728 1047 848 1109 decerni
859 1055 903 1108 est
919 1047 1038 1109 solitum

134 1162 217 1205 more
239 1145 394 1224 majorum.
420 1145 456 1206 llt
470 1151 501 1206 tn
521 1145 599 1226 apud
623 1153 720 1226 patres
736 1145 920 1224 conscriptos
936 1152 1038 1206 contra

135 1258 182 1302 me
196 1241 295 1302 dicere
308 1261 396 1302 ausus
409 1261 452 1318 es,
467 1261 533 1304 cum
547 1243 651 1304 abhoc
663 1241 768 1304 ordine
782 1260 835 1320 ego
849 1249 1039 1303 conservator

135 1355 244 1414 essem,
256 1345 286 1398 tu
300 1338 394 1399 hostis
413 1339 457 1398 rei
469 1339 595 1418 publicae
608 1339 781 1416 judicatus?
792 1338 1040 1400 Commemoratio

135 1434 216 1495 illius
235 1435 277 1494 tui
300 1434 420 1495 sceleris
440 1434 611 1496 intermissa
624 1441 680 1522 est,
698 1455 758 1496 non
773 1435 915 1496 memoria
931 1435 1038 1497 deletu.

137 1531 212 1592 Dum
239 1550 332 1610 genus
359 1531 525 1609 hominum,
555 1532 626 1592 dum
652 1531 753 1612 populi
780 1531 904 1594 Romani
930 1549 1039 1592 nomen

136 1629 313 1690 exstabit-
329 1630 408 1710 quod
429 1629 550 1710 quidem
571 1629 637 1707 erit,
652 1631 678 1692 si
695 1639 785 1710 perte
801 1627 912 1706 licehit,
928 1630 1041 1709 sempi-
1093 1639 1098 1648 '

135 1735 253 1788 ternum
267 1761 317 1803 —-‚
335 1735 386 1787 tua
408 1726 459 1787 itta
475 1726 613 1806 pestilera
626 1727 801 1788 intercessio
825 1726 1037 1791 nominabitur.

176 1823 225 1884 52.
250 1823 443 1909 Quidcupide
453 1842 470 1884 a
480 1832 595 1900 senatu,
607 1823 679 1904 quid
693 1831 806 1885 temere
816 1823 918 1900 fiebat,
928 1842 997 1885 cum
1010 1831 1041 1884 tu

135 1921 231 1982 nnus¹
247 1920 443 1982 edulescens²
465 1921 637 1982 universum
658 1922 794 1983 ordinem
820 1921 983 1984 decernere
1004 1921 1040 1982 de

136 2017 230 2078 salute
241 2018 283 2078 rei
296 2018 422 2098 publicae
436 2017 623 2099 prohibuisti,
633 2037 731 2100 neque
741 2019 845 2096 semel,
856 2019 908 2081 sed
919 2018 1040 2099 saepius,

135 2133 231 2194 neque
245 2125 277 2176 tu
291 2122 388 2176 tecum
403 2115 439 2176 de
455 2121 574 2176 senatus
593 2117 767 2177 auctoritate
783 2117 849 2194 agi³
865 2134 972 2196 passus
989 2114 1041 2177 es‘l

135 2211 210 2285 Quid
226 2218 324 2272 eutem
338 2211 508 2290 sigebotum,
528 2212 585 2273 nisi
599 2231 636 2273 ne
650 2211 748 2274 deleri
762 2220 791 2273 et
807 2213 897 2274 everti
912 2229 975 2274 rem
992 2232 1044 2293 pu-

146 2471 204 2520 lsi.
220 2467 239 2508 l.
253 2469 276 2510 t.
286 2469 387 2516 totototo.
402 2467 425 2510 d.
437 2468 556 2510 Horcetto.

133 2529 228 2583 t'etttpse
249 2529 275 2571 de
294 2533 315 2571 et
334 2535 393 2571 entre
406 2529 437 2570 les
456 2541 516 2571 noms
531 2528 558 2571 de

132 2591 186 2633 deux
212 2591 335 2645 magistrats
358 2590 426 2632 alicu
440 2589 559 2644 re'guttdre·

133 2657 190 2694 urent
214 2653 298 2706 lorsque
323 2653 355 2695 les
387 2651 486 2706 prdnoms
509 2657 558 2695 sont

133 2713 246 2768 exprimes.
264 2737 291 2746 -
305 2715 325 2757 2.
345 2715 452 2758 Kalendis
469 2716 557 2767 jonna-

133 2779 182 2828 rttc,
197 2777 223 2818 de
231 2775 314 2818 t'nnnde
324 2776 358 2818 49.
367 2775 423 2818 -3.
438 2776 555 2829 Opposuit.

134 2839 188 2890 Voy.
209 2839 297 2890 Introd.,
315 2839 358 2892 33.
374 2837 430 2879 —l.
446 2840 471 2880 Id
484 2841 559 2881 decre-

134 2901 172 2942 vlt.
184 2900 236 2953 ch,
250 2901 271 2942 lu
286 2900 354 2942 undu
367 2900 378 2954 ἓ
391 2900 404 2942 3
415 2901 442 2942 de
455 2900 557 2949 l'Introd..

135 2961 160 3003 od
176 2974 198 3002 se
218 2967 292 3004 trouve
306 2963 327 3004 le
340 2961 412 3004 ddecet
428 2963 463 3016 qui
474 2961 559 3004 donauit

134 3035 173 3064 aux
192 3023 277 3064 consuls
291 3024 313 3065 le
324 3024 380 3066 droit
398 3023 425 3066 de
438 3024 472 3064 vio
487 3028 509 3065 et
533 3023 558 3066 de

135 3089 204 3135 mort3
227 3083 315 3126 Olcdron
336 3086 402 3140 yleit
424 3085 512 3129 allusion
533 3097 558 3128 en

612 2466 683 2509 dIsent
691 2466 804 2510 d'Antomo
813 2480 819 2507 :
830 2466 975 2520 cervicesque
984 2479 1040 2511 euos

612 2529 707 2582 subjecit
718 2530 801 2572 securi.

639 2595 682 2635 51.
700 2591 720 2633 l.
741 2592 811 2635 Unus.
831 2590 999 2633 L'intercessIon
1013 2604 1039 2633 ne

612 2655 683 2696 roualt
695 2665 732 2708 pus
742 2653 860 2695 ummoine
871 2653 924 2694 seul.
937 2653 990 2706 Voy.
1004 2655 1040 2695 tn-

612 2715 676 2764 trod„
691 2715 703 2770 ξ
719 2715 739 2757 s.
754 2740 782 2748 -
801 2715 824 2756 9.
847 2715 988 2758 Adulescens.
1023 2717 1039 2758 ll

612 2779 669 2819 aiunt
682 2781 837 2832 trente-quatre
854 2788 903 2818 ans.
922 2799 948 2808 -
960 2776 980 2818 3.
996 2779 1038 2830 Api

610 2850 694 2891 possus
711 2850 742 2880 es.
762 2837 854 2880 AntoIne
872 2849 899 2878 ne
912 2838 989 2882 voutait
1003 2853 1040 2894 pus

613 2901 639 2942 de
653 2898 798 2953 negociadons
817 2911 843 2940 eu
858 2900 915 2952 sujet
932 2899 957 2941 de
969 2901 989 2943 la
1004 2901 1042 2944 do'-

613 2961 681 3004 cision
691 2961 719 3003 du
729 2960 796 3010 odnet.
805 2962 858 3003 dont
870 2962 884 3004 il
898 2967 931 3004 est
943 2964 1040 3016 question

613 3036 639 3066 an
650 3023 661 3077 Β
675 3024 688 3066 3
702 3022 728 3065 de
738 3023 836 3066 l'tntrod.
846 3047 873 3056 -
884 3024 905 3067 l.
916 3024 974 3076 Quid
987 3037 1041 3078 ope-

614 3087 689 3136 lotur,
697 3085 724 3128 de
736 3087 785 3140 quoi
794 3087 930 3142 s'agtssnit-il
942 3086 994 3129 dans
1005 3099 1042 3129 ces
