2284 3496
132 169 163 217 os
370 166 541 216 urrunnun
560 167 709 226 SECUNDA,
720 168 748 226 x,
764 151 820 220 en*

131 283 175 344 rei
195 279 358 362 publioee
335 296 400 340 sine
415 297 537 342 suasore
552 297 611 341 non
625 281 744 360 posset!
774 280 811 342 At
824 280 940 342 laetatus
956 299 1034 342 sum.

63 438 65 440 ,
133 374 210 446 Quid
224 372 343 450 ergo?
335 392 366 432 1n
380 379 458 433 tento
473 371 575 434 loetitia
590 379 704 432 ounotre
731 372 857 434 civitatis
880 391 926 432 me
943 393 1036 434 unum

131 471 244 532 tristem
265 488 331 530 esse
355 468 534 549 oportebat?

171 567 221 628 22.
248 565 425 646 Quanquam
450 567 486 627 de
516 573 609 628 morte
632 566 726 630 Clodii
752 566 808 628 luit
834 568 976 646 quaestio¹
998 603 1038 611 —

129 683 189 725 non
206 664 295 724 satis²
325 663 488 743 prudenter
518 663 570 724 illa
592 663 713 743 quidern
739 663 936 741 constitute³;
965 665 1037 744 quid

132 761 211 822 enirn
238 758 382 821 attinebat
405 778 479 822 nova
503 761 570 838 lege
588 761 679 840 queeri
698 761 734 822 de
755 778 789 822 eo
812 760 862 841 qui
886 761 1037 823 hominem

128 856 298 930 occidisset,
316 875 384 917 oum
401 864 480 919 esset
502 857 637 935 legibus*
653 858 776 936 qoaestio
792 857 948 919 instituto?
960 877 1037 938 quoe-

129 953 217 1015 siturn
234 961 277 1014 est
291 955 483 1014 teroem-2
502 954 580 1033 quod
595 954 697 1032 igitur,
715 972 780 1014 oum
798 972 846 1014 res
865 953 1035 1032 agebaturl,

129 1069 216 1110 neruo
232 1052 263 1110 in
283 1068 330 1110 me
345 1050 448 1127 dixit⁷‚
463 1049 492 1110 id
504 1056 546 1110 tot
558 1049 644 1111 annis
660 1056 727 1130 post
740 1057 772 1110 tu
787 1067 819 1111 es
833 1049 970 1111 inventus
985 1051 1036 1131 qui

95 1165 98 1170 ·
131 1147 266 1208 diceres?

170 1242 220 1304 023.
245 1241 329 1314 Quod
343 1261 410 1303 vero
426 1243 525 1306 dicere
538 1262 629 1304 ausus
645 1262 688 1320 es,
709 1244 799 1325 idque
812 1243 912 1304 mullis
927 1243 1035 1320 verbis,
1057 1282 1059 1292 ι

133 1357 222 1420 opere
236 1357 302 1400 mee
317 1340 491 1420 Pompeium
508 1359 525 1402 a
546 1339 672 1403 deseris
687 1341 817 1403 amicitia
838 1359 903 1402 esse
919 1340 1037 1421 dijuno-

130 1442 193 1498 turn
216 1436 252 1497 ob
274 1445 399 1518 'eamque
413 1457 533 1500 oausam
551 1439 638 1519 culpa
652 1457 719 1500 rnea
740 1436 852 1500 bellurn
871 1437 955 1499 civile
971 1455 1036 1498 esse

130 1541 246 1611 natum,
260 1533 292 1593 in
306 1552 342 1595 eo
356 1552 415 1595 non
428 1542 459 1595 tu
474 1535 594 1614 quidem
608 1541 670 1595 tota
684 1535 735 1594 re¹
739 1534 827 1612 ‚,sed
847 1533 926 1613 quod
941 1535 1036 1637 inaxi-

37 1673 38 1676 ,
132 1649 213 1692 mum
226 1638 281 1706 est
302 1631 485 1710 temporibus
501 1631 635 1692 errasti·

169 1727 205 1786 X.
230 1725 1033 1806 Eg0‚tl.ssiou10²‚praestantissimoove‚oonsu1o,

131 1823 206 1884 nihil
221 1823 409 1907 pretermisi,
430 1823 687 1904 quantumlaoere
703 1823 834 1904 enitique
851 1824 946 1904 potui,
962 1824 1034 1904 quin

153 2062 197 2100 22.
209 2058 229 2101 l.
241 2060 376 2112 Qoooqoom
420 2059 466 2112 soit
479 2071 554 2113 poree

127 2121 165 2168 tio,
178 2120 230 2160 mels
249 2120 263 2160 il
281 2132 294 2173 y
314 2126 350 2162 eut
362 2134 404 2162 une
417 2122 554 2168 instruction.

127 2192 169 2221 une
185 2180 281 2233 enquete,
300 2186 322 2222 et
343 2194 456 2236 personne,
474 2182 554 2224 boelio

125 2241 233 2292 occasion.
259 2254 286 2284 ne
311 2243 352 2285 m'o
375 2243 468 2294 nuens&
482 2255 555 2296 quaro·

126 2313 200 2354 potam.
215 2315 295 2344 oornrne
311 2306 361 2355 etot,
377 2318 400 2346 se
411 2305 492 2347 troduit
504 2319 554 2346 sou-

125 2367 176 2404 vont
188 2375 226 2417 par
245 2367 310 2413 moto.
319 2369 448 2418 oepoodoot,
464 2372 485 2408 ot
497 2379 555 2408 corn-

125 2436 198 2466 monce
203 2437 244 2466 une
249 2426 346 2467 nouvelle
353 2428 436 2472 phrase.
444 2428 494 2470 -Ξ,
505 2431 554 2474 Non

126 2487 191 2534 sotto,
206 2497 258 2538 eveo
271 2490 318 2527 tout
331 2497 355 2528 oe
368 2489 403 2540 qui
416 2488 460 2530 suit
473 2488 554 2541 jusqu’b

126 2548 183 2599 qood
204 2547 283 2598 tollor,
298 2545 357 2590 vient
376 2549 515 2603 interrornpre
532 2550 553 2591 le

126 2607 297 2665 raisonnpmen13
319 2610 390 2660 operor
405 2617 448 2652 sero
462 2609 473 2651 l
485 2612 504 2652 le
517 2623 553 2652 ro-

125 2668 225 2722 prondre.
236 2690 263 2698 -
275 2668 295 2711 3.
304 2669 439 2712 Constituto.
452 2671 553 2726 Pompde,

125 2730 208 2771 nomme
220 2731 292 2772 consul
309 2742 358 2772 sens
373 2731 477 2785 oossbpuo,
492 2734 553 2787 apres

125 2791 256 2833 l’ossoosinut
270 2791 296 2833 do
314 2791 411 2840 Clodius,
425 2795 487 2844 nvait,
502 2807 553 2848 pour

124 2851 199 2893 rendre
212 2853 260 2906 plus
268 2853 343 2896 sbrele
351 2853 515 2898 condemnetion
526 2857 552 2898 de

124 2912 197 2964 blilon,
207 2913 247 2954 leit
258 2915 348 2968 odopter
363 2927 403 2958 une
416 2917 512 2959 nouvelle
525 2918 552 2959 loi

125 2973 172 3027 (leo
185 2976 289 3026 Pompeio
308 2977 333 3018 de
344 2978 383 3031 vt),
397 2979 433 3031 qui
444 2979 552 3032 chungeait

124 3033 145 3076 lo
159 3034 277 3090 prooe'dure
288 3037 321 3089 (52
332 3050 364 3079 ev.
381 3039 452 3092 J.-C.).
461 3039 551 3082 Ciceron

51 3103 52 3106 ’
125 3094 156 3138 dit
176 3109 227 3138 evoe
245 3109 285 3138 une
312 3099 391 3152 prande
416 3099 549 3142 moderetion

608 2061 684 2113 qu’elle
701 2061 811 2114 manquelt
831 2060 859 2102 de
880 2073 967 2114 sepone
980 2061 1034 2115 (nott

608 2124 663 2164 sotir
676 2123 800 2174 prooeooer
814 2123 954 2175 constituto).
972 2146 998 2152 —
1011 2122 1032 2164 l.

608 2185 720 2236 Leptbooo.¹
732 2183 772 2224 Per
793 2183 812 2224 lo
824 2185 862 2226 tex
878 2184 990 2230 Cornelio.
1007 2185 1033 2224 do

608 2245 1032 2294 reconoistrapermovebant—5.

609 2306 733 2358 Quaesitum
753 2312 787 2348 est
805 2311 888 2354 tameo,
912 2305 1032 2346 conformo'-

608 2373 667 2409 ment
680 2366 692 2408 b
708 2367 726 2408 lo
741 2367 837 2408 nouvelle
853 2368 889 2408 loi.
903 2389 929 2398 -
940 2365 961 2408 6.
977 2367 1033 2410 (lum
1080 2415 1083 2420 ,

609 2439 645 2470 reo
651 2428 766 2480 epotator,
773 2428 936 2482 pendantqu'on
945 2428 1033 2470 instrui·

609 2488 648 2530 snit
656 2489 748 2530 l'odoire.
757 2512 784 2520 -
791 2489 810 2530 7.
819 2489 885 2532 Nemo
895 2490 961 2532 dioto
971 2489 1032 2532 cico-

608 2561 647 2591 ron
658 2562 725 2592 avoue
736 2551 862 2604 «rependent,
871 2550 923 2592 dans
934 2551 957 2592 la
967 2551 1031 2594 llbe-

608 2613 691 2654 oioone
707 2609 727 2666 (ἓ
741 2611 783 2664 l'l).
801 2613 864 2666 qu'on
878 2611 948 2654 l'oveit
959 2611 1033 2654 ooouse

607 2673 633 2714 de
645 2686 670 2715 ne
687 2685 725 2726 pos
742 2673 788 2715 otro
803 2673 906 2727 etronper
917 2672 928 2714 l
940 2673 962 2714 la
976 2680 1032 2714 mort

608 2732 634 2776 do
647 2735 739 2777 Clodius.

633 2800 676 2838 28.
703 2795 723 2838 l.
748 2797 780 2836 l'o
805 2796 893 2847 quidem
921 2797 968 2836 toto
997 2807 1030 2838 re.

607 2857 707 2908 Quidem,
720 2853 801 2908 malgre
813 2857 833 2896 lo
853 2855 911 2909 plaoe
930 2856 980 2909 qu'il
994 2869 1032 2898 oo-

607 2929 669 2970 cupe,
683 2917 720 2958 tait
735 2917 834 2958 rossortir
846 2919 935 2959 toton.
948 2916 980 2960 On
992 2919 1032 2961 soit

605 2991 644 3031 que
653 2983 686 3019 eet
693 2975 782 3018 adverbe
789 2980 821 3019 est
828 2977 891 3020 ettire
904 2991 941 3032 por
950 2978 970 3021 le
984 2991 1032 3034 pro-

606 3051 653 3079 nom
665 3038 784 3092 personnel.
796 3061 823 3070 -
836 3037 857 3081 2.
870 3041 958 3083 Bibulo.
972 3041 990 3082 ll
999 3040 1031 3083 lut

605 3099 686 3147 consol,
703 3110 753 3140 evoe
764 3099 837 3152 Gtser,
852 3112 878 3142 en
889 3101 917 3144 59
926 3114 959 3145 ιν.
975 3101 1029 3145 led.
