<?xml version="1.0" encoding="UTF-8"?>
<!DOCTYPE html PUBLIC "-//W3C//DTD XHTML 1.0 Transitional//EN"
    "http://www.w3.org/TR/xhtml1/DTD/xhtml1-transitional.dtd">
<html xmlns="http://www.w3.org/1999/xhtml" xml:lang="en" lang="en">
 <head>
  <title>
</title>
<meta http-equiv="Content-Type" content="text/html;charset=utf-8" />
  <meta name='ocr-system' content='tesseract 3.04.00' />
  <meta name='ocr-capabilities' content='ocr_page ocr_carea ocr_par ocr_line ocrx_word'/>
</head>
<body>
  <div class='ocr_page' id='page_1' title='image "./mtulliiciceroni108cicegoog/mtulliiciceroni108cicegoog_0035.png"; bbox 0 0 2284 3496; ppageno 0'>
   <div class='ocr_carea' id='block_1_1' title="bbox 145 193 803 260">
    <p class='ocr_par' dir='ltr' id='par_1_1' title="bbox 145 193 803 260">
     <span class='ocr_line' id='line_1_1' title="bbox 145 193 803 260; baseline 0.002 -14"><span class='ocrx_word' id='word_1_1' title='bbox 145 195 176 246; x_wconf 72' lang='lat' dir='ltr'>te</span> <span class='ocrx_word' id='word_1_2' title='bbox 370 197 546 250; x_wconf 76' lang='lat' dir='ltr'><strong>PHILIPPICA</strong></span> <span class='ocrx_word' id='word_1_3' title='bbox 562 193 707 259; x_wconf 67' lang='lat' dir='ltr'>SECUNDA,</span> <span class='ocrx_word' id='word_1_4' title='bbox 723 198 764 260; x_wconf 79' lang='lat' dir='ltr'>lv,</span> <span class='ocrx_word' id='word_1_5' title='bbox 780 197 803 248; x_wconf 87' lang='lat'>8.</span> 
     </span>
    </p>
   </div>
   <div class='ocr_carea' id='block_1_2' title="bbox 144 311 1055 790">
    <p class='ocr_par' dir='ltr' id='par_1_2' title="bbox 144 311 1055 790">
     <span class='ocr_line' id='line_1_2' title="bbox 186 311 1054 396; baseline -0.001 -23"><span class='ocrx_word' id='word_1_6' title='bbox 186 313 214 374; x_wconf 81' lang='lat'>7.</span> <span class='ocrx_word' id='word_1_7' title='bbox 236 312 274 374; x_wconf 88' lang='lat' dir='ltr'>ht</span> <span class='ocrx_word' id='word_1_8' title='bbox 289 331 355 394; x_wconf 84' lang='lat' dir='ltr'>ego,</span> <span class='ocrx_word' id='word_1_9' title='bbox 367 321 507 396; x_wconf 81' lang='lat' dir='ltr'><strong>tanquam</strong></span> <span class='ocrx_word' id='word_1_10' title='bbox 523 313 597 377; x_wconf 84' lang='lat' dir='ltr'>milri</span> <span class='ocrx_word' id='word_1_11' title='bbox 611 333 679 376; x_wconf 91' lang='lat' dir='ltr'>oum</span> <span class='ocrx_word' id='word_1_12' title='bbox 698 313 736 376; x_wconf 90' lang='lat' dir='ltr'>ll.</span> <span class='ocrx_word' id='word_1_13' title='bbox 754 312 877 378; x_wconf 83' lang='lat' dir='ltr'>Crasso¹</span> <span class='ocrx_word' id='word_1_14' title='bbox 896 311 1054 374; x_wconf 85' lang='lat' dir='ltr'>eontentio</span> 
     </span>
     <span class='ocr_line' id='line_1_3' title="bbox 145 409 1052 492; baseline -0.001 -21"><span class='ocrx_word' id='word_1_15' title='bbox 145 417 235 486; x_wconf 86' lang='lat' dir='ltr'>esset,</span> <span class='ocrx_word' id='word_1_16' title='bbox 250 429 378 492; x_wconf 84' lang='lat' dir='ltr'>quocum</span> <span class='ocrx_word' id='word_1_17' title='bbox 391 411 491 474; x_wconf 79' lang='lat' dir='ltr'>multae</span> <span class='ocrx_word' id='word_1_18' title='bbox 503 420 531 474; x_wconf 88' lang='lat' dir='ltr'>et</span> <span class='ocrx_word' id='word_1_19' title='bbox 545 429 658 492; x_wconf 78' lang='lat' dir='ltr'>magnae</span> <span class='ocrx_word' id='word_1_20' title='bbox 670 413 802 488; x_wconf 88' lang='lat' dir='ltr'>luerunt,</span> <span class='ocrx_word' id='word_1_21' title='bbox 818 429 877 472; x_wconf 91' lang='lat' dir='ltr'>non</span> <span class='ocrx_word' id='word_1_22' title='bbox 886 428 955 472; x_wconf 87' lang='lat' dir='ltr'>oum</span> <span class='ocrx_word' id='word_1_23' title='bbox 966 409 1052 472; x_wconf 88' lang='lat' dir='ltr'>uno¹</span> 
     </span>
     <span class='ocr_line' id='line_1_4' title="bbox 144 507 1052 591; baseline 0 -23"><span class='ocrx_word' id='word_1_24' title='bbox 144 507 305 586; x_wconf 76' lang='lat' dir='ltr'>gladiatore</span> <span class='ocrx_word' id='word_1_25' title='bbox 320 509 515 590; x_wconf 86' lang='lat' dir='ltr'>nequissimo,</span> <span class='ocrx_word' id='word_1_26' title='bbox 533 509 569 572; x_wconf 91' lang='lat' dir='ltr'>de</span> <span class='ocrx_word' id='word_1_27' title='bbox 591 529 624 572; x_wconf 88' lang='lat' dir='ltr'>re</span> <span class='ocrx_word' id='word_1_28' title='bbox 637 510 758 591; x_wconf 86' lang='lat' dir='ltr'>publiea</span> <span class='ocrx_word' id='word_1_29' title='bbox 771 508 902 589; x_wconf 77' lang='lat' dir='ltr'>graviter</span> <span class='ocrx_word' id='word_1_30' title='bbox 917 525 1052 588; x_wconf 85' lang='lat' dir='ltr'>querens</span> 
     </span>
     <span class='ocr_line' id='line_1_5' title="bbox 145 601 1055 689; baseline -0.002 -23"><span class='ocrx_word' id='word_1_31' title='bbox 145 604 183 666; x_wconf 93' lang='lat' dir='ltr'>de</span> <span class='ocrx_word' id='word_1_32' title='bbox 197 605 317 668; x_wconf 91' lang='lat' dir='ltr'>homine</span> <span class='ocrx_word' id='word_1_33' title='bbox 336 606 410 668; x_wconf 87' lang='lat' dir='ltr'>nihil</span> <span class='ocrx_word' id='word_1_34' title='bbox 428 607 498 669; x_wconf 87' lang='lat' dir='ltr'>dixi.</span> <span class='ocrx_word' id='word_1_35' title='bbox 516 607 619 689; x_wconf 87' lang='lat' dir='ltr'>Itaque</span> <span class='ocrx_word' id='word_1_36' title='bbox 640 607 729 670; x_wconf 87' lang='lat' dir='ltr'>hodie</span> <span class='ocrx_word' id='word_1_37' title='bbox 750 606 902 688; x_wconf 84' lang='lat' dir='ltr'>perficiam</span> <span class='ocrx_word' id='word_1_38' title='bbox 915 613 948 667; x_wconf 91' lang='lat' dir='ltr'>ut</span> <span class='ocrx_word' id='word_1_39' title='bbox 963 601 1055 666; x_wconf 91' lang='lat' dir='ltr'>intel·</span> 
     </span>
     <span class='ocr_line' id='line_1_6' title="bbox 144 702 909 790; baseline -0.001 -26"><span class='ocrx_word' id='word_1_40' title='bbox 144 702 216 781; x_wconf 85' lang='lat' dir='ltr'>ligat</span> <span class='ocrx_word' id='word_1_41' title='bbox 230 713 372 784; x_wconf 87' lang='lat' dir='ltr'>quantum</span> <span class='ocrx_word' id='word_1_42' title='bbox 387 723 404 765; x_wconf 87' lang='lat' dir='ltr'>a</span> <span class='ocrx_word' id='word_1_43' title='bbox 420 723 467 767; x_wconf 90' lang='lat' dir='ltr'>me</span> <span class='ocrx_word' id='word_1_44' title='bbox 482 705 659 767; x_wconf 81' lang='lat' dir='ltr'>beneficium</span> <span class='ocrx_word' id='word_1_45' title='bbox 672 713 736 767; x_wconf 90' lang='lat' dir='ltr'>tum</span> <span class='ocrx_word' id='word_1_46' title='bbox 750 704 909 790; x_wconf 78' lang='lat' dir='ltr'>acceperit.</span> 
     </span>
    </p>
   </div>
   <div class='ocr_carea' id='block_1_3' title="bbox 185 800 1137 885">
    <p class='ocr_par' dir='ltr' id='par_1_3' title="bbox 185 800 1137 885">
     <span class='ocr_line' id='line_1_7' title="bbox 185 800 1137 885; baseline 0 -21"><span class='ocrx_word' id='word_1_47' title='bbox 185 801 234 866; x_wconf 80' lang='lat' dir='ltr'>IV.</span> <span class='ocrx_word' id='word_1_48' title='bbox 257 803 295 865; x_wconf 88' lang='lat' dir='ltr'>At</span> <span class='ocrx_word' id='word_1_49' title='bbox 310 803 400 865; x_wconf 83' lang='lat' dir='ltr'>etiam</span> <span class='ocrx_word' id='word_1_50' title='bbox 413 804 539 880; x_wconf 83' lang='lat' dir='ltr'>litterae,</span> <span class='ocrx_word' id='word_1_51' title='bbox 551 823 626 885; x_wconf 89' lang='lat' dir='ltr'>quas</span> <span class='ocrx_word' id='word_1_52' title='bbox 639 823 686 866; x_wconf 90' lang='lat' dir='ltr'>me</span> <span class='ocrx_word' id='word_1_53' title='bbox 699 803 756 865; x_wconf 90' lang='lat' dir='ltr'>sibi</span> <span class='ocrx_word' id='word_1_54' title='bbox 773 801 891 864; x_wconf 85' lang='lat' dir='ltr'>misisse</span> <span class='ocrx_word' id='word_1_55' title='bbox 904 800 1053 876; x_wconf 83' lang='lat' dir='ltr'>diceret³,</span> <span class='ocrx_word' id='word_1_56' title='bbox 1136 819 1137 824; x_wconf 51' lang='lat'>¹</span> 
     </span>
    </p>
   </div>
   <div class='ocr_carea' id='block_1_4' title="bbox 66 896 1054 1842">
    <p class='ocr_par' dir='ltr' id='par_1_4' title="bbox 66 896 1054 1762">
     <span class='ocr_line' id='line_1_8' title="bbox 146 896 1053 983; baseline -0.004 -21"><span class='ocrx_word' id='word_1_57' title='bbox 146 901 280 963; x_wconf 80' lang='lat' dir='ltr'>recitavit</span> <span class='ocrx_word' id='word_1_58' title='bbox 291 901 379 963; x_wconf 92' lang='lat' dir='ltr'>homo</span> <span class='ocrx_word' id='word_1_59' title='bbox 391 909 420 964; x_wconf 89' lang='lat' dir='ltr'>et</span> <span class='ocrx_word' id='word_1_60' title='bbox 434 901 628 964; x_wconf 83' lang='lat' dir='ltr'>humanitatis</span> <span class='ocrx_word' id='word_1_61' title='bbox 635 921 744 983; x_wconf 61' lang='lat' dir='ltr'>,expers</span> <span class='ocrx_word' id='word_1_62' title='bbox 758 908 787 962; x_wconf 88' lang='lat' dir='ltr'>et</span> <span class='ocrx_word' id='word_1_63' title='bbox 801 901 869 962; x_wconf 79' lang='lat' dir='ltr'>vitae</span> <span class='ocrx_word' id='word_1_64' title='bbox 881 896 1053 961; x_wconf 83' lang='lat' dir='ltr'>eommunis</span> 
     </span>
     <span class='ocr_line' id='line_1_9' title="bbox 66 995 1053 1080; baseline -0.006 -20"><span class='ocrx_word' id='word_1_65' title='bbox 66 1051 70 1060; x_wconf 89' lang='grc'>.</span> <span class='ocrx_word' id='word_1_66' title='bbox 147 997 281 1078; x_wconf 83' lang='lat' dir='ltr'>ignarus.</span> <span class='ocrx_word' id='word_1_67' title='bbox 296 998 370 1072; x_wconf 83' lang='lat' dir='ltr'>Quis</span> <span class='ocrx_word' id='word_1_68' title='bbox 382 999 463 1060; x_wconf 90' lang='lat' dir='ltr'>enim</span> <span class='ocrx_word' id='word_1_69' title='bbox 478 1019 623 1080; x_wconf 86' lang='lat' dir='ltr'>unquam,</span> <span class='ocrx_word' id='word_1_70' title='bbox 637 1000 689 1080; x_wconf 89' lang='lat' dir='ltr'>qni</span> <span class='ocrx_word' id='word_1_71' title='bbox 709 998 831 1080; x_wconf 88' lang='lat' dir='ltr'>paulum</span> <span class='ocrx_word' id='word_1_72' title='bbox 852 997 939 1060; x_wconf 89' lang='lat' dir='ltr'>modo</span> <span class='ocrx_word' id='word_1_73' title='bbox 954 995 1053 1057; x_wconf 86' lang='lat' dir='ltr'>hono-</span> 
     </span>
     <span class='ocr_line' id='line_1_10' title="bbox 146 1091 1054 1174; baseline -0.007 -17"><span class='ocrx_word' id='word_1_74' title='bbox 146 1115 213 1157; x_wconf 90' lang='lat' dir='ltr'>rum</span> <span class='ocrx_word' id='word_1_75' title='bbox 221 1097 467 1159; x_wconf 83' lang='lat' dir='ltr'>consuetudinem</span> <span class='ocrx_word' id='word_1_76' title='bbox 481 1105 593 1174; x_wconf 86' lang='lat' dir='ltr'>nosset,</span> <span class='ocrx_word' id='word_1_77' title='bbox 603 1097 717 1160; x_wconf 80' lang='lat' dir='ltr'>litteras</span> <span class='ocrx_word' id='word_1_78' title='bbox 730 1097 767 1158; x_wconf 89' lang='lat' dir='ltr'>ad</span> <span class='ocrx_word' id='word_1_79' title='bbox 779 1115 811 1158; x_wconf 90' lang='lat' dir='ltr'>se</span> <span class='ocrx_word' id='word_1_80' title='bbox 827 1095 863 1158; x_wconf 86' lang='lat' dir='ltr'>ab</span> <span class='ocrx_word' id='word_1_81' title='bbox 876 1093 972 1158; x_wconf 87' lang='lat' dir='ltr'>amieo</span> <span class='ocrx_word' id='word_1_82' title='bbox 982 1091 1054 1152; x_wconf 93' lang='lat' dir='ltr'>mis-</span> 
     </span>
     <span class='ocr_line' id='line_1_11' title="bbox 146 1189 1053 1276; baseline -0.007 -20"><span class='ocrx_word' id='word_1_83' title='bbox 146 1194 378 1270; x_wconf 84' lang='lat' dir='ltr'>sas,offensione</span> <span class='ocrx_word' id='word_1_84' title='bbox 400 1195 501 1276; x_wconf 87' lang='lat' dir='ltr'>aliqua</span> <span class='ocrx_word' id='word_1_85' title='bbox 521 1195 707 1276; x_wconf 86' lang='lat' dir='ltr'>interposita,</span> <span class='ocrx_word' id='word_1_86' title='bbox 724 1194 754 1256; x_wconf 93' lang='lat' dir='ltr'>in</span> <span class='ocrx_word' id='word_1_87' title='bbox 780 1193 912 1266; x_wconf 84' lang='lat' dir='ltr'>medium</span> <span class='ocrx_word' id='word_1_88' title='bbox 928 1189 1053 1272; x_wconf 90' lang='lat' dir='ltr'>protulit</span> 
     </span>
     <span class='ocr_line' id='line_1_12' title="bbox 146 1287 1052 1373; baseline -0.007 -20"><span class='ocrx_word' id='word_1_89' title='bbox 146 1292 303 1373; x_wconf 78' lang='lat' dir='ltr'>palamque</span> <span class='ocrx_word' id='word_1_90' title='bbox 318 1291 558 1366; x_wconf 82' lang='lat' dir='ltr'>recitavit‘lQuid</span> <span class='ocrx_word' id='word_1_91' title='bbox 571 1301 616 1356; x_wconf 88' lang='lat' dir='ltr'>est</span> <span class='ocrx_word' id='word_1_92' title='bbox 635 1293 718 1355; x_wconf 89' lang='lat' dir='ltr'>aliud</span> <span class='ocrx_word' id='word_1_93' title='bbox 735 1292 841 1354; x_wconf 88' lang='lat' dir='ltr'>tollere</span> <span class='ocrx_word' id='word_1_94' title='bbox 860 1310 895 1353; x_wconf 83' lang='lat' dir='ltr'>ex</span> <span class='ocrx_word' id='word_1_95' title='bbox 907 1290 966 1350; x_wconf 85' lang='lat' dir='ltr'>vita</span> <span class='ocrx_word' id='word_1_96' title='bbox 985 1287 1052 1348; x_wconf 81' lang='lat' dir='ltr'>vitae</span> 
     </span>
     <span class='ocr_line' id='line_1_13' title="bbox 147 1384 1052 1472; baseline -0.008 -20"><span class='ocrx_word' id='word_1_97' title='bbox 147 1388 329 1468; x_wconf 84' lang='lat' dir='ltr'>societatem,</span> <span class='ocrx_word' id='word_1_98' title='bbox 343 1390 449 1454; x_wconf 88' lang='lat' dir='ltr'>tollere</span> <span class='ocrx_word' id='word_1_99' title='bbox 477 1391 640 1454; x_wconf 87' lang='lat' dir='ltr'>amicorum</span> <span class='ocrx_word' id='word_1_100' title='bbox 665 1391 836 1472; x_wconf 81' lang='lat' dir='ltr'>colloquia⁴</span> <span class='ocrx_word' id='word_1_101' title='bbox 863 1384 1052 1450; x_wconf 80' lang='lat' dir='ltr'>absentium?</span> 
     </span>
     <span class='ocr_line' id='line_1_14' title="bbox 147 1481 1051 1569; baseline -0.004 -21"><span class='ocrx_word' id='word_1_102' title='bbox 147 1486 241 1560; x_wconf 85' lang='lat' dir='ltr'>Quam</span> <span class='ocrx_word' id='word_1_103' title='bbox 257 1488 351 1550; x_wconf 87' lang='lat' dir='ltr'>multa</span> <span class='ocrx_word' id='word_1_104' title='bbox 361 1489 429 1568; x_wconf 83' lang='lat' dir='ltr'>joca</span> <span class='ocrx_word' id='word_1_105' title='bbox 444 1488 541 1551; x_wconf 87' lang='lat' dir='ltr'>solent</span> <span class='ocrx_word' id='word_1_106' title='bbox 554 1508 620 1551; x_wconf 89' lang='lat' dir='ltr'>esse</span> <span class='ocrx_word' id='word_1_107' title='bbox 639 1490 671 1550; x_wconf 94' lang='lat' dir='ltr'>in</span> <span class='ocrx_word' id='word_1_108' title='bbox 686 1488 832 1569; x_wconf 87' lang='lat' dir='ltr'>epistolis,</span> <span class='ocrx_word' id='word_1_109' title='bbox 853 1505 918 1566; x_wconf 85' lang='lat' dir='ltr'>quae</span> <span class='ocrx_word' id='word_1_110' title='bbox 934 1481 1051 1566; x_wconf 84' lang='lat' dir='ltr'>prolate</span> 
     </span>
     <span class='ocr_line' id='line_1_15' title="bbox 149 1583 1051 1666; baseline -0.004 -20"><span class='ocrx_word' id='word_1_111' title='bbox 149 1583 175 1646; x_wconf 92' lang='lat' dir='ltr'>si</span> <span class='ocrx_word' id='word_1_112' title='bbox 195 1584 265 1661; x_wconf 88' lang='lat' dir='ltr'>sint,</span> <span class='ocrx_word' id='word_1_113' title='bbox 293 1585 394 1666; x_wconf 87' lang='lat' dir='ltr'>inepta</span> <span class='ocrx_word' id='word_1_114' title='bbox 418 1585 592 1647; x_wconf 88' lang='lat' dir='ltr'>videanturl</span> <span class='ocrx_word' id='word_1_115' title='bbox 616 1605 706 1666; x_wconf 90' lang='lat' dir='ltr'>quam</span> <span class='ocrx_word' id='word_1_116' title='bbox 728 1586 821 1646; x_wconf 87' lang='lat' dir='ltr'>multa</span> <span class='ocrx_word' id='word_1_117' title='bbox 843 1583 933 1661; x_wconf 85' lang='lat' dir='ltr'>seria,</span> <span class='ocrx_word' id='word_1_118' title='bbox 954 1599 1051 1664; x_wconf 86' lang='lat' dir='ltr'>neque</span> 
     </span>
     <span class='ocr_line' id='line_1_16' title="bbox 149 1681 638 1762; baseline 0.004 -20"><span class='ocrx_word' id='word_1_119' title='bbox 149 1689 249 1744; x_wconf 84' lang='lat' dir='ltr'>temen</span> <span class='ocrx_word' id='word_1_120' title='bbox 265 1681 327 1744; x_wconf 91' lang='lat' dir='ltr'>ullo</span> <span class='ocrx_word' id='word_1_121' title='bbox 343 1683 431 1745; x_wconf 90' lang='lat' dir='ltr'>modo</span> <span class='ocrx_word' id='word_1_122' title='bbox 445 1683 638 1762; x_wconf 84' lang='lat' dir='ltr'>divulganda!</span> 
     </span>
    </p>

    <p class='ocr_par' dir='ltr' id='par_1_5' title="bbox 189 1776 1050 1842">
     <span class='ocr_line' id='line_1_17' title="bbox 189 1776 1050 1842; baseline -0.001 -3"><span class='ocrx_word' id='word_1_123' title='bbox 189 1777 218 1839; x_wconf 90' lang='lat'>8.</span> <span class='ocrx_word' id='word_1_124' title='bbox 242 1776 303 1841; x_wconf 83' lang='lat' dir='ltr'>sit¹</span> <span class='ocrx_word' id='word_1_125' title='bbox 321 1779 377 1842; x_wconf 88' lang='lat' dir='ltr'>hoe</span> <span class='ocrx_word' id='word_1_126' title='bbox 395 1780 642 1842; x_wconf 81' lang='lat' dir='ltr'>inhumanitatis:</span> <span class='ocrx_word' id='word_1_127' title='bbox 663 1779 819 1842; x_wconf 78' lang='lat' dir='ltr'>stultiIIam</span> <span class='ocrx_word' id='word_1_128' title='bbox 843 1777 1050 1842; x_wconf 78' lang='lat' dir='ltr'>incredibilem</span> 
     </span>
    </p>
   </div>
   <div class='ocr_carea' id='block_1_5' title="bbox 148 1874 1125 1960">
    <p class='ocr_par' dir='ltr' id='par_1_6' title="bbox 148 1874 1125 1960">
     <span class='ocr_line' id='line_1_18' title="bbox 148 1874 1125 1960; baseline -0.002 -23"><span class='ocrx_word' id='word_1_129' title='bbox 148 1876 255 1938; x_wconf 89' lang='lat' dir='ltr'>videte.</span> <span class='ocrx_word' id='word_1_130' title='bbox 273 1875 350 1949; x_wconf 85' lang='lat' dir='ltr'>Quid</span> <span class='ocrx_word' id='word_1_131' title='bbox 365 1878 456 1940; x_wconf 87' lang='lat' dir='ltr'>hahes</span> <span class='ocrx_word' id='word_1_132' title='bbox 473 1879 553 1960; x_wconf 84' lang='lat' dir='ltr'>quod</span> <span class='ocrx_word' id='word_1_133' title='bbox 567 1878 644 1940; x_wconf 89' lang='lat' dir='ltr'>mihi</span> <span class='ocrx_word' id='word_1_134' title='bbox 660 1897 804 1959; x_wconf 61' lang='lat' dir='ltr'>opponas</span> <span class='ocrx_word' id='word_1_135' title='bbox 821 1879 909 1941; x_wconf 92' lang='lat' dir='ltr'>homo</span> <span class='ocrx_word' id='word_1_136' title='bbox 929 1874 1048 1953; x_wconf 85' lang='lat' dir='ltr'>diserte,</span> <span class='ocrx_word' id='word_1_137' title='bbox 1123 1880 1125 1884; x_wconf 73' lang='lat'>‘</span> 
     </span>
    </p>
   </div>
   <div class='ocr_carea' id='block_1_6' title="bbox 148 1961 1055 2156">
    <p class='ocr_par' dir='ltr' id='par_1_7' title="bbox 148 1961 1055 2156">
     <span class='ocr_line' id='line_1_19' title="bbox 148 1961 1048 2057; baseline -0.001 -23"><span class='ocrx_word' id='word_1_138' title='bbox 148 1981 180 2035; x_wconf 89' lang='lat' dir='ltr'>ut</span> <span class='ocrx_word' id='word_1_139' title='bbox 193 1971 296 2036; x_wconf 86' lang='lat' dir='ltr'>Tironi</span> <span class='ocrx_word' id='word_1_140' title='bbox 309 1981 339 2036; x_wconf 91' lang='lat' dir='ltr'>et</span> <span class='ocrx_word' id='word_1_141' title='bbox 351 1961 503 2038; x_wconf 75' lang='lat' dir='ltr'>llustelae²</span> <span class='ocrx_word' id='word_1_142' title='bbox 522 1993 588 2038; x_wconf 84' lang='lat' dir='ltr'>esse</span> <span class='ocrx_word' id='word_1_143' title='bbox 602 1974 733 2038; x_wconf 79' lang='lat' dir='ltr'>videris?</span> <span class='ocrx_word' id='word_1_144' title='bbox 745 1975 815 2057; x_wconf 80' lang='lat' dir='ltr'>qui³</span> <span class='ocrx_word' id='word_1_145' title='bbox 830 1993 898 2038; x_wconf 86' lang='lat' dir='ltr'>cum</span> <span class='ocrx_word' id='word_1_146' title='bbox 915 1973 972 2036; x_wconf 87' lang='lat' dir='ltr'>hoo</span> <span class='ocrx_word' id='word_1_147' title='bbox 985 1972 1048 2053; x_wconf 85' lang='lat' dir='ltr'>ipso</span> 
     </span>
     <span class='ocr_line' id='line_1_20' title="bbox 149 2072 1055 2156; baseline -0.002 -23"><span class='ocrx_word' id='word_1_148' title='bbox 149 2078 282 2153; x_wconf 86' lang='lat' dir='ltr'>tempore</span> <span class='ocrx_word' id='word_1_149' title='bbox 302 2078 381 2135; x_wconf 90' lang='lat' dir='ltr'>steut</span> <span class='ocrx_word' id='word_1_150' title='bbox 397 2091 464 2136; x_wconf 87' lang='lat' dir='ltr'>oum</span> <span class='ocrx_word' id='word_1_151' title='bbox 479 2072 587 2153; x_wconf 84' lang='lat' dir='ltr'>gladiis</span> <span class='ocrx_word' id='word_1_152' title='bbox 603 2074 634 2136; x_wconf 93' lang='lat' dir='ltr'>in</span> <span class='ocrx_word' id='word_1_153' title='bbox 655 2082 816 2156; x_wconf 85' lang='lat' dir='ltr'>conspeetu</span> <span class='ocrx_word' id='word_1_154' title='bbox 842 2079 976 2150; x_wconf 88' lang='lat' dir='ltr'>senatus,</span> <span class='ocrx_word' id='word_1_155' title='bbox 996 2087 1055 2149; x_wconf 82' lang='lat' dir='ltr'>ego</span> 
     </span>
    </p>
   </div>
   <div class='ocr_carea' id='block_1_7' title="bbox 147 2213 575 2694">
    <p class='ocr_par' dir='ltr' id='par_1_8' title="bbox 147 2213 575 2516">
     <span class='ocr_line' id='line_1_21' title="bbox 148 2213 575 2270; baseline -0.002 -11"><span class='ocrx_word' id='word_1_156' title='bbox 148 2217 217 2264; x_wconf 86' lang='lat' dir='ltr'>domo.</span> <span class='ocrx_word' id='word_1_157' title='bbox 230 2213 309 2270; x_wconf 71' lang='lat' dir='ltr'>oppone</span> <span class='ocrx_word' id='word_1_158' title='bbox 326 2213 339 2257; x_wconf 76' lang='lat' dir='ltr'>l</span> <span class='ocrx_word' id='word_1_159' title='bbox 353 2215 506 2268; x_wconf 72' lang='lat' dir='ltr'>impuritates.</span> <span class='ocrx_word' id='word_1_160' title='bbox 518 2215 575 2258; x_wconf 72' lang='lat' dir='ltr'>(teet</span> 
     </span>
     <span class='ocr_line' id='line_1_22' title="bbox 148 2275 574 2333; baseline 0 -13"><span class='ocrx_word' id='word_1_161' title='bbox 148 2278 168 2320; x_wconf 84' lang='lat' dir='ltr'>la</span> <span class='ocrx_word' id='word_1_162' title='bbox 177 2279 262 2320; x_wconf 80' lang='lat' dir='ltr'>maison</span> <span class='ocrx_word' id='word_1_163' title='bbox 276 2276 303 2320; x_wconf 86' lang='lat' dir='ltr'>de</span> <span class='ocrx_word' id='word_1_164' title='bbox 317 2275 417 2330; x_wconf 83' lang='lat' dir='ltr'>Pempde.</span> <span class='ocrx_word' id='word_1_165' title='bbox 432 2277 524 2333; x_wconf 73' lang='lat' dir='ltr'>oooupee</span> <span class='ocrx_word' id='word_1_166' title='bbox 537 2290 574 2332; x_wconf 82' lang='lat' dir='ltr'>par</span> 
     </span>
     <span class='ocr_line' id='line_1_23' title="bbox 147 2338 573 2394; baseline 0 -12"><span class='ocrx_word' id='word_1_167' title='bbox 147 2339 246 2389; x_wconf 70' lang='lat' dir='ltr'>humine,</span> <span class='ocrx_word' id='word_1_168' title='bbox 258 2344 280 2382; x_wconf 85' lang='lat' dir='ltr'>et</span> <span class='ocrx_word' id='word_1_169' title='bbox 293 2338 346 2381; x_wconf 88' lang='lat' dir='ltr'>dont</span> <span class='ocrx_word' id='word_1_170' title='bbox 356 2339 413 2381; x_wconf 84' lang='lat' dir='ltr'>lieet</span> <span class='ocrx_word' id='word_1_171' title='bbox 424 2339 457 2382; x_wconf 87' lang='lat' dir='ltr'>dit</span> <span class='ocrx_word' id='word_1_172' title='bbox 468 2353 495 2382; x_wconf 88' lang='grc' dir='ltr'>ιιι</span> <span class='ocrx_word' id='word_1_173' title='bbox 507 2339 518 2394; x_wconf 70' lang='lat' dir='ltr'>fl</span> <span class='ocrx_word' id='word_1_174' title='bbox 530 2339 557 2383; x_wconf 77' lang='grc'>69</span> <span class='ocrx_word' id='word_1_175' title='bbox 567 2354 573 2382; x_wconf 82' lang='grc' dir='ltr'>ι</span> 
     </span>
     <span class='ocr_line' id='line_1_24' title="bbox 148 2401 573 2454; baseline 0.007 -11"><span class='ocrx_word' id='word_1_176' title='bbox 148 2401 206 2454; x_wconf 78' lang='lat' dir='ltr'>Quid</span> <span class='ocrx_word' id='word_1_177' title='bbox 225 2403 285 2444; x_wconf 80' lang='lat' dir='ltr'>entra</span> <span class='ocrx_word' id='word_1_178' title='bbox 308 2411 411 2454; x_wconf 80' lang='lat' dir='ltr'>ooqoom</span> <span class='ocrx_word' id='word_1_179' title='bbox 431 2403 509 2446; x_wconf 75' lang='grc' dir='ltr'>ιιιιιιιιι</span> <span class='ocrx_word' id='word_1_180' title='bbox 533 2403 573 2446; x_wconf 82' lang='lat' dir='ltr'>too</span> 
     </span>
     <span class='ocr_line' id='line_1_25' title="bbox 147 2463 428 2516; baseline -0.007 -8"><span class='ocrx_word' id='word_1_181' title='bbox 147 2465 236 2508; x_wconf 74' lang='lat' dir='ltr'>viderat</span> <span class='ocrx_word' id='word_1_182' title='bbox 244 2463 294 2505; x_wconf 79' lang='lat' dir='ltr'>otei</span> <span class='ocrx_word' id='word_1_183' title='bbox 302 2465 428 2516; x_wconf 78' lang='lat' dir='ltr'>pudieam?</span> 
     </span>
    </p>

    <p class='ocr_par' dir='ltr' id='par_1_9' title="bbox 147 2524 574 2694">
     <span class='ocr_line' id='line_1_26' title="bbox 175 2524 573 2576; baseline -0.003 -8"><span class='ocrx_word' id='word_1_184' title='bbox 175 2530 198 2568; x_wconf 77' lang='grc' dir='ltr'>Ι.</span> <span class='ocrx_word' id='word_1_185' title='bbox 223 2524 242 2566; x_wconf 91' lang='lat' dir='ltr'>l.</span> <span class='ocrx_word' id='word_1_186' title='bbox 266 2525 293 2566; x_wconf 86' lang='lat' dir='ltr'>II.</span> <span class='ocrx_word' id='word_1_187' title='bbox 314 2526 401 2573; x_wconf 75' lang='lat' dir='ltr'>craeso,</span> <span class='ocrx_word' id='word_1_188' title='bbox 426 2525 446 2567; x_wconf 89' lang='lat' dir='ltr'>le</span> <span class='ocrx_word' id='word_1_189' title='bbox 470 2525 573 2576; x_wconf 79' lang='lat' dir='ltr'>trlumrIr,</span> 
     </span>
     <span class='ocr_line' id='line_1_27' title="bbox 147 2585 574 2643; baseline -0.002 -12"><span class='ocrx_word' id='word_1_190' title='bbox 147 2588 184 2643; x_wconf 82' lang='lat' dir='ltr'>qui</span> <span class='ocrx_word' id='word_1_191' title='bbox 194 2585 251 2642; x_wconf 75' lang='lat' dir='ltr'>perit</span> <span class='ocrx_word' id='word_1_192' title='bbox 261 2585 314 2628; x_wconf 82' lang='lat' dir='ltr'>dane</span> <span class='ocrx_word' id='word_1_193' title='bbox 325 2598 364 2629; x_wconf 85' lang='lat' dir='ltr'>eon</span> <span class='ocrx_word' id='word_1_194' title='bbox 373 2586 491 2640; x_wconf 72' lang='lat' dir='ltr'>expedition</span> <span class='ocrx_word' id='word_1_195' title='bbox 502 2593 574 2630; x_wconf 79' lang='lat' dir='ltr'>contre</span> 
     </span>
     <span class='ocr_line' id='line_1_28' title="bbox 148 2647 574 2694; baseline 0 -2"><span class='ocrx_word' id='word_1_196' title='bbox 148 2651 180 2694; x_wconf 74' lang='lat' dir='ltr'>lea</span> <span class='ocrx_word' id='word_1_197' title='bbox 194 2649 289 2692; x_wconf 86' lang='lat' dir='ltr'>Porthee.</span> <span class='ocrx_word' id='word_1_198' title='bbox 299 2671 326 2680; x_wconf 96' lang='lat'>—</span> <span class='ocrx_word' id='word_1_199' title='bbox 336 2647 357 2691; x_wconf 73' lang='lat'>2.</span> <span class='ocrx_word' id='word_1_200' title='bbox 375 2649 421 2692; x_wconf 79' lang='lat' dir='ltr'>Iino</span> <span class='ocrx_word' id='word_1_201' title='bbox 439 2649 534 2693; x_wconf 84' lang='lat' dir='ltr'>rentoroe</span> <span class='ocrx_word' id='word_1_202' title='bbox 553 2649 574 2692; x_wconf 90' lang='lat' dir='ltr'>le</span> 
     </span>
    </p>
   </div>
   <div class='ocr_carea' id='block_1_8' title="bbox 70 2710 574 2766">
    <p class='ocr_par' dir='ltr' id='par_1_10' title="bbox 70 2710 574 2766">
     <span class='ocr_line' id='line_1_29' title="bbox 70 2710 574 2766; baseline 0 -13"><span class='ocrx_word' id='word_1_203' title='bbox 70 2722 72 2727; x_wconf 80' lang='grc'><strong>’</strong></span> <span class='ocrx_word' id='word_1_204' title='bbox 148 2711 262 2766; x_wconf 75' lang='lat' dir='ltr'>superletll</span> <span class='ocrx_word' id='word_1_205' title='bbox 284 2711 424 2764; x_wconf 72' lang='lat' dir='ltr'>oeqeme&#39;mo</span> <span class='ocrx_word' id='word_1_206' title='bbox 453 2710 489 2766; x_wconf 83' lang='lat' dir='ltr'>qui</span> <span class='ocrx_word' id='word_1_207' title='bbox 515 2711 574 2754; x_wconf 85' lang='lat' dir='ltr'>vient</span> 
     </span>
    </p>
   </div>
   <div class='ocr_carea' id='block_1_9' title="bbox 148 2772 575 3073">
    <p class='ocr_par' dir='ltr' id='par_1_11' title="bbox 148 2772 575 3073">
     <span class='ocr_line' id='line_1_30' title="bbox 148 2772 572 2829; baseline 0 -13"><span class='ocrx_word' id='word_1_208' title='bbox 148 2773 222 2829; x_wconf 72' lang='lat' dir='ltr'>apres.</span> <span class='ocrx_word' id='word_1_209' title='bbox 250 2795 274 2806; x_wconf 58' lang='grc' dir='ltr'>ι-</span> <span class='ocrx_word' id='word_1_210' title='bbox 297 2772 317 2816; x_wconf 77' lang='grc'>3.</span> <span class='ocrx_word' id='word_1_211' title='bbox 346 2773 407 2826; x_wconf 69' lang='lat' dir='ltr'>Quat</span> <span class='ocrx_word' id='word_1_212' title='bbox 483 2775 572 2818; x_wconf 78' lang='lat' dir='ltr'>diceret.</span> 
     </span>
     <span class='ocr_line' id='line_1_31' title="bbox 148 2835 574 2889; baseline 0.005 -11"><span class='ocrx_word' id='word_1_213' title='bbox 148 2835 179 2878; x_wconf 83' lang='lat' dir='ltr'>m.</span> <span class='ocrx_word' id='word_1_214' title='bbox 192 2837 264 2880; x_wconf 75' lang='lat' dir='ltr'>hodite</span> <span class='ocrx_word' id='word_1_215' title='bbox 275 2837 333 2889; x_wconf 74' lang='lat' dir='ltr'>qood</span> <span class='ocrx_word' id='word_1_216' title='bbox 345 2847 371 2879; x_wconf 78' lang='grc' dir='ltr'>ιι</span> <span class='ocrx_word' id='word_1_217' title='bbox 388 2837 479 2880; x_wconf 78' lang='lat' dir='ltr'>oblitum</span> <span class='ocrx_word' id='word_1_218' title='bbox 499 2837 574 2880; x_wconf 74' lang='lat' dir='ltr'>nocto</span> 
     </span>
     <span class='ocr_line' id='line_1_32' title="bbox 149 2897 574 2954; baseline 0.002 -15"><span class='ocrx_word' id='word_1_219' title='bbox 149 2899 203 2950; x_wconf 79' lang='lat' dir='ltr'>quid</span> <span class='ocrx_word' id='word_1_220' title='bbox 215 2898 299 2942; x_wconf 67' lang='lat' dir='ltr'>diecret</span> <span class='ocrx_word' id='word_1_221' title='bbox 311 2897 382 2954; x_wconf 75' lang='lat' dir='ltr'>(cie),</span> <span class='ocrx_word' id='word_1_222' title='bbox 396 2911 422 2941; x_wconf 84' lang='grc' dir='ltr'>ιιι</span> <span class='ocrx_word' id='word_1_223' title='bbox 430 2900 473 2942; x_wconf 88' lang='lat' dir='ltr'>lieu</span> <span class='ocrx_word' id='word_1_224' title='bbox 482 2898 508 2940; x_wconf 87' lang='lat' dir='ltr'>de</span> <span class='ocrx_word' id='word_1_225' title='bbox 518 2899 574 2951; x_wconf 76' lang='lat' dir='ltr'>qood</span> 
     </span>
     <span class='ocr_line' id='line_1_33' title="bbox 148 2961 575 3016; baseline 0.002 -15"><span class='ocrx_word' id='word_1_226' title='bbox 148 2961 230 3002; x_wconf 74' lang='lat' dir='ltr'>ohlttue</span> <span class='ocrx_word' id='word_1_227' title='bbox 243 2965 308 3008; x_wconf 66' lang='lat' dir='ltr'>essct,</span> <span class='ocrx_word' id='word_1_228' title='bbox 328 2965 354 3004; x_wconf 79' lang='lat' dir='ltr'>ot</span> <span class='ocrx_word' id='word_1_229' title='bbox 372 2961 465 3012; x_wconf 73' lang='lat' dir='ltr'>dioclet,</span> <span class='ocrx_word' id='word_1_230' title='bbox 480 2973 508 3003; x_wconf 91' lang='lat' dir='ltr'>ou</span> <span class='ocrx_word' id='word_1_231' title='bbox 523 2972 575 3016; x_wconf 86' lang='lat' dir='ltr'>pour</span> 
     </span>
     <span class='ocr_line' id='line_1_34' title="bbox 148 3023 575 3073; baseline 0.007 -10"><span class='ocrx_word' id='word_1_232' title='bbox 148 3024 206 3073; x_wconf 77' lang='lat' dir='ltr'>quod</span> <span class='ocrx_word' id='word_1_233' title='bbox 219 3031 243 3064; x_wconf 79' lang='lat' dir='ltr'>ee</span> <span class='ocrx_word' id='word_1_234' title='bbox 261 3023 353 3065; x_wconf 70' lang='lat' dir='ltr'>otidum</span> <span class='ocrx_word' id='word_1_235' title='bbox 365 3024 456 3068; x_wconf 68' lang='lat' dir='ltr'>diesim.</span> <span class='ocrx_word' id='word_1_236' title='bbox 470 3024 525 3066; x_wconf 83' lang='lat' dir='ltr'>Daue</span> <span class='ocrx_word' id='word_1_237' title='bbox 539 3035 575 3066; x_wconf 82' lang='lat' dir='ltr'>coe</span> 
     </span>
    </p>
   </div>
   <div class='ocr_carea' id='block_1_10' title="bbox 52 3085 575 3140">
    <p class='ocr_par' dir='ltr' id='par_1_12' title="bbox 52 3085 575 3140">
     <span class='ocr_line' id='line_1_35' title="bbox 52 3085 575 3140; baseline 0.008 -16"><span class='ocrx_word' id='word_1_238' title='bbox 52 3091 53 3094; x_wconf 73' lang='grc'>’</span> <span class='ocrx_word' id='word_1_239' title='bbox 149 3089 217 3125; x_wconf 84' lang='lat' dir='ltr'>eortee</span> <span class='ocrx_word' id='word_1_240' title='bbox 228 3087 255 3125; x_wconf 84' lang='lat' dir='ltr'>de</span> <span class='ocrx_word' id='word_1_241' title='bbox 265 3085 362 3138; x_wconf 73' lang='lat' dir='ltr'>phrases,</span> <span class='ocrx_word' id='word_1_242' title='bbox 368 3085 400 3127; x_wconf 77' lang='lat' dir='ltr'>lea</span> <span class='ocrx_word' id='word_1_243' title='bbox 409 3085 464 3128; x_wconf 83' lang='lat' dir='ltr'>deux</span> <span class='ocrx_word' id='word_1_244' title='bbox 476 3085 575 3140; x_wconf 75' lang='lat' dir='ltr'>proponi-</span> 
     </span>
    </p>
   </div>
   <div class='ocr_carea' id='block_1_11' title="bbox 148 3145 574 3202">
    <p class='ocr_par' dir='ltr' id='par_1_13' title="bbox 148 3145 574 3202">
     <span class='ocr_line' id='line_1_36' title="bbox 148 3145 574 3202; baseline 0.007 -15"><span class='ocrx_word' id='word_1_245' title='bbox 148 3147 205 3188; x_wconf 82' lang='lat' dir='ltr'>tIone</span> <span class='ocrx_word' id='word_1_246' title='bbox 215 3149 265 3188; x_wconf 82' lang='lat' dir='ltr'>eont</span> <span class='ocrx_word' id='word_1_247' title='bbox 275 3145 372 3196; x_wconf 84' lang='lat' dir='ltr'>Ionduoe,</span> <span class='ocrx_word' id='word_1_248' title='bbox 382 3158 435 3202; x_wconf 85' lang='lat' dir='ltr'>pour</span> <span class='ocrx_word' id='word_1_249' title='bbox 450 3147 505 3191; x_wconf 73' lang='lat' dir='ltr'>alnei</span> <span class='ocrx_word' id='word_1_250' title='bbox 519 3147 574 3198; x_wconf 84' lang='lat' dir='ltr'>dire,</span> 
     </span>
    </p>
   </div>
   <div class='ocr_carea' id='block_1_12' title="bbox 628 2211 1050 2267">
    <p class='ocr_par' dir='ltr' id='par_1_14' title="bbox 628 2211 1050 2267">
     <span class='ocr_line' id='line_1_37' title="bbox 628 2211 1050 2267; baseline -0.005 -9"><span class='ocrx_word' id='word_1_251' title='bbox 628 2228 654 2258; x_wconf 87' lang='lat' dir='ltr'>en</span> <span class='ocrx_word' id='word_1_252' title='bbox 668 2229 710 2259; x_wconf 88' lang='lat' dir='ltr'>nne</span> <span class='ocrx_word' id='word_1_253' title='bbox 723 2216 789 2267; x_wconf 79' lang='lat' dir='ltr'>seule,</span> <span class='ocrx_word' id='word_1_254' title='bbox 796 2219 818 2258; x_wconf 87' lang='lat' dir='ltr'>et</span> <span class='ocrx_word' id='word_1_255' title='bbox 829 2217 914 2260; x_wconf 76' lang='lat' dir='ltr'>dioclet</span> <span class='ocrx_word' id='word_1_256' title='bbox 925 2219 959 2256; x_wconf 84' lang='lat' dir='ltr'>est</span> <span class='ocrx_word' id='word_1_257' title='bbox 972 2211 1013 2254; x_wconf 85' lang='lat' dir='ltr'>mle</span> <span class='ocrx_word' id='word_1_258' title='bbox 1025 2225 1050 2256; x_wconf 88' lang='lat' dir='ltr'>au</span> 
     </span>
    </p>
   </div>
   <div class='ocr_carea' id='block_1_13' title="bbox 628 2273 1137 2334">
    <p class='ocr_par' dir='ltr' id='par_1_15' title="bbox 628 2273 1137 2334">
     <span class='ocr_line' id='line_1_38' title="bbox 628 2273 1137 2334; baseline -0.012 -13"><span class='ocrx_word' id='word_1_259' title='bbox 628 2279 749 2334; x_wconf 82' lang='lat' dir='ltr'>euhjouotil,</span> <span class='ocrx_word' id='word_1_260' title='bbox 764 2279 852 2333; x_wconf 84' lang='lat' dir='ltr'>quoique</span> <span class='ocrx_word' id='word_1_261' title='bbox 859 2278 881 2321; x_wconf 85' lang='lat' dir='ltr'>le</span> <span class='ocrx_word' id='word_1_262' title='bbox 894 2275 956 2319; x_wconf 85' lang='lat' dir='ltr'>motii</span> <span class='ocrx_word' id='word_1_263' title='bbox 967 2273 1049 2330; x_wconf 68' lang='lat' dir='ltr'>alleged</span> <span class='ocrx_word' id='word_1_264' title='bbox 1136 2289 1137 2296; x_wconf 51' lang='lat'>¹</span> 
     </span>
    </p>
   </div>
   <div class='ocr_carea' id='block_1_14' title="bbox 627 2338 1050 3200">
    <p class='ocr_par' dir='ltr' id='par_1_16' title="bbox 628 2338 1050 2952">
     <span class='ocr_line' id='line_1_39' title="bbox 628 2338 1049 2395; baseline -0.005 -13"><span class='ocrx_word' id='word_1_265' title='bbox 628 2353 655 2383; x_wconf 93' lang='lat' dir='ltr'>no</span> <span class='ocrx_word' id='word_1_266' title='bbox 669 2353 692 2382; x_wconf 84' lang='lat' dir='ltr'>ee</span> <span class='ocrx_word' id='word_1_267' title='bbox 709 2345 782 2382; x_wconf 84' lang='lat' dir='ltr'>trouve</span> <span class='ocrx_word' id='word_1_268' title='bbox 803 2352 841 2395; x_wconf 78' lang='lat' dir='ltr'>pue</span> <span class='ocrx_word' id='word_1_269' title='bbox 862 2339 916 2382; x_wconf 84' lang='lat' dir='ltr'>dene</span> <span class='ocrx_word' id='word_1_270' title='bbox 935 2349 960 2380; x_wconf 83' lang='lat' dir='ltr'>ce</span> <span class='ocrx_word' id='word_1_271' title='bbox 979 2338 1049 2390; x_wconf 69' lang='lat' dir='ltr'>umbe,</span> 
     </span>
     <span class='ocr_line' id='line_1_40' title="bbox 628 2400 1050 2455; baseline -0.005 -11"><span class='ocrx_word' id='word_1_272' title='bbox 628 2402 745 2445; x_wconf 74' lang='lat' dir='ltr'>materians</span> <span class='ocrx_word' id='word_1_273' title='bbox 764 2413 803 2444; x_wconf 82' lang='lat' dir='ltr'>eon</span> <span class='ocrx_word' id='word_1_274' title='bbox 824 2400 973 2455; x_wconf 71' lang='lat' dir='ltr'>complement.</span> <span class='ocrx_word' id='word_1_275' title='bbox 989 2400 1007 2442; x_wconf 98' lang='lat' dir='ltr'>ll</span> <span class='ocrx_word' id='word_1_276' title='bbox 1024 2411 1050 2442; x_wconf 87' lang='lat' dir='ltr'>en</span> 
     </span>
     <span class='ocr_line' id='line_1_41' title="bbox 628 2463 1048 2518; baseline -0.005 -12"><span class='ocrx_word' id='word_1_277' title='bbox 628 2468 661 2506; x_wconf 81' lang='lat' dir='ltr'>oet</span> <span class='ocrx_word' id='word_1_278' title='bbox 670 2464 697 2507; x_wconf 87' lang='lat' dir='ltr'>de</span> <span class='ocrx_word' id='word_1_279' title='bbox 710 2463 779 2507; x_wconf 74' lang='lat' dir='ltr'>meme</span> <span class='ocrx_word' id='word_1_280' title='bbox 791 2464 874 2518; x_wconf 78' lang='lat' dir='ltr'>lorsque</span> <span class='ocrx_word' id='word_1_281' title='bbox 886 2463 906 2506; x_wconf 82' lang='lat' dir='ltr'>le</span> <span class='ocrx_word' id='word_1_282' title='bbox 918 2463 1048 2516; x_wconf 74' lang='lat' dir='ltr'>properium</span> 
     </span>
     <span class='ocr_line' id='line_1_42' title="bbox 628 2523 1045 2576; baseline -0.005 -8"><span class='ocrx_word' id='word_1_283' title='bbox 628 2530 660 2568; x_wconf 83' lang='lat' dir='ltr'>eat</span> <span class='ocrx_word' id='word_1_284' title='bbox 670 2527 797 2576; x_wconf 80' lang='lat' dir='ltr'>construite,</span> <span class='ocrx_word' id='word_1_285' title='bbox 810 2537 892 2568; x_wconf 69' lang='lat' dir='ltr'>mmme</span> <span class='ocrx_word' id='word_1_286' title='bbox 906 2523 942 2572; x_wconf 83' lang='lat' dir='ltr'>iei,</span> <span class='ocrx_word' id='word_1_287' title='bbox 955 2535 1007 2565; x_wconf 82' lang='lat' dir='ltr'>aveo</span> <span class='ocrx_word' id='word_1_288' title='bbox 1024 2523 1045 2566; x_wconf 88' lang='lat' dir='ltr'>le</span> 
     </span>
     <span class='ocr_line' id='line_1_43' title="bbox 628 2585 1048 2641; baseline -0.005 -11"><span class='ocrx_word' id='word_1_289' title='bbox 628 2588 707 2641; x_wconf 78' lang='lat' dir='ltr'>relatil,</span> <span class='ocrx_word' id='word_1_290' title='bbox 729 2601 755 2632; x_wconf 86' lang='grc' dir='ltr'>ιιι</span> <span class='ocrx_word' id='word_1_291' title='bbox 777 2589 822 2632; x_wconf 85' lang='lat' dir='ltr'>lieu</span> <span class='ocrx_word' id='word_1_292' title='bbox 843 2586 870 2630; x_wconf 82' lang='lat' dir='ltr'>tle</span> <span class='ocrx_word' id='word_1_293' title='bbox 887 2585 948 2628; x_wconf 80' lang='lat' dir='ltr'>l’dtre</span> <span class='ocrx_word' id='word_1_294' title='bbox 967 2586 1048 2628; x_wconf 79' lang='lat' dir='ltr'>eveolu</span> 
     </span>
     <span class='ocr_line' id='line_1_44' title="bbox 628 2646 1048 2705; baseline -0.005 -14"><span class='ocrx_word' id='word_1_295' title='bbox 628 2651 766 2705; x_wconf 75' lang='lat' dir='ltr'>conjonohon</span> <span class='ocrx_word' id='word_1_296' title='bbox 792 2651 856 2703; x_wconf 72' lang='lat' dir='ltr'>qood.</span> <span class='ocrx_word' id='word_1_297' title='bbox 873 2670 900 2678; x_wconf 95' lang='lat'>-</span> <span class='ocrx_word' id='word_1_298' title='bbox 922 2647 943 2692; x_wconf 83' lang='lat' dir='ltr'>t.</span> <span class='ocrx_word' id='word_1_299' title='bbox 968 2646 1048 2691; x_wconf 72' lang='lat' dir='ltr'>nouere</span> 
     </span>
     <span class='ocr_line' id='line_1_45' title="bbox 629 2709 1047 2766; baseline -0.007 -11"><span class='ocrx_word' id='word_1_300' title='bbox 629 2714 744 2766; x_wconf 77' lang='lat' dir='ltr'>colloquio.</span> <span class='ocrx_word' id='word_1_301' title='bbox 769 2713 798 2757; x_wconf 80' lang='lat' dir='ltr'>Ge</span> <span class='ocrx_word' id='word_1_302' title='bbox 816 2711 895 2754; x_wconf 78' lang='lat' dir='ltr'>second</span> <span class='ocrx_word' id='word_1_303' title='bbox 914 2709 1007 2753; x_wconf 87' lang='lat' dir='ltr'>membro</span> <span class='ocrx_word' id='word_1_304' title='bbox 1022 2709 1047 2752; x_wconf 90' lang='lat' dir='ltr'>de</span> 
     </span>
     <span class='ocr_line' id='line_1_46' title="bbox 628 2771 1048 2830; baseline 0 -16"><span class='ocrx_word' id='word_1_305' title='bbox 628 2775 703 2829; x_wconf 80' lang='lat' dir='ltr'>phrase</span> <span class='ocrx_word' id='word_1_306' title='bbox 731 2774 825 2830; x_wconf 80' lang='lat' dir='ltr'>exprime</span> <span class='ocrx_word' id='word_1_307' title='bbox 857 2785 907 2816; x_wconf 82' lang='lat' dir='ltr'>aveo</span> <span class='ocrx_word' id='word_1_308' title='bbox 939 2772 988 2828; x_wconf 81' lang='lat' dir='ltr'>plue</span> <span class='ocrx_word' id='word_1_309' title='bbox 1023 2771 1048 2814; x_wconf 87' lang='lat' dir='ltr'>de</span> 
     </span>
     <span class='ocr_line' id='line_1_47' title="bbox 628 2833 1047 2891; baseline -0.007 -13"><span class='ocrx_word' id='word_1_310' title='bbox 628 2834 736 2891; x_wconf 82' lang='lat' dir='ltr'>prdoieton</span> <span class='ocrx_word' id='word_1_311' title='bbox 760 2836 781 2878; x_wconf 87' lang='lat' dir='ltr'>la</span> <span class='ocrx_word' id='word_1_312' title='bbox 806 2835 874 2878; x_wconf 75' lang='lat' dir='ltr'>meme</span> <span class='ocrx_word' id='word_1_313' title='bbox 899 2833 949 2877; x_wconf 78' lang='lat' dir='ltr'>ideo</span> <span class='ocrx_word' id='word_1_314' title='bbox 968 2845 1008 2888; x_wconf 81' lang='lat' dir='ltr'>que</span> <span class='ocrx_word' id='word_1_315' title='bbox 1028 2834 1047 2876; x_wconf 85' lang='lat' dir='ltr'>le</span> 
     </span>
     <span class='ocr_line' id='line_1_48' title="bbox 629 2897 981 2952; baseline -0.009 -12"><span class='ocrx_word' id='word_1_316' title='bbox 629 2899 721 2952; x_wconf 82' lang='lat' dir='ltr'>premier</span> <span class='ocrx_word' id='word_1_317' title='bbox 734 2899 820 2950; x_wconf 82' lang='lat' dir='ltr'>(tollere</span> <span class='ocrx_word' id='word_1_318' title='bbox 838 2897 981 2951; x_wconf 81' lang='lat' dir='ltr'>eootetoteru).</span> 
     </span>
    </p>

    <p class='ocr_par' dir='ltr' id='par_1_17' title="bbox 627 2957 1047 3200">
     <span class='ocr_line' id='line_1_49' title="bbox 655 2957 1046 3013; baseline -0.01 -9"><span class='ocrx_word' id='word_1_319' title='bbox 655 2965 680 3004; x_wconf 77' lang='grc'>8.</span> <span class='ocrx_word' id='word_1_320' title='bbox 693 2961 712 3003; x_wconf 82' lang='lat' dir='ltr'>l·</span> <span class='ocrx_word' id='word_1_321' title='bbox 725 2961 767 3007; x_wconf 84' lang='lat' dir='ltr'>Sit.</span> <span class='ocrx_word' id='word_1_322' title='bbox 782 2959 901 3013; x_wconf 86' lang='lat' dir='ltr'>euhjonotii</span> <span class='ocrx_word' id='word_1_323' title='bbox 917 2957 944 3001; x_wconf 86' lang='lat' dir='ltr'>de</span> <span class='ocrx_word' id='word_1_324' title='bbox 958 2971 1046 3000; x_wconf 85' lang='lat' dir='ltr'>conoes-</span> 
     </span>
     <span class='ocr_line' id='line_1_50' title="bbox 628 3021 1046 3072; baseline -0.002 -9"><span class='ocrx_word' id='word_1_325' title='bbox 628 3024 685 3065; x_wconf 82' lang='lat' dir='ltr'>sloo.</span> <span class='ocrx_word' id='word_1_326' title='bbox 695 3047 716 3055; x_wconf 82' lang='lat'>-</span> <span class='ocrx_word' id='word_1_327' title='bbox 724 3022 745 3065; x_wconf 72' lang='lat' dir='ltr'>I.</span> <span class='ocrx_word' id='word_1_328' title='bbox 760 3023 836 3065; x_wconf 74' lang='lat' dir='ltr'>tironi</span> <span class='ocrx_word' id='word_1_329' title='bbox 843 3029 864 3065; x_wconf 79' lang='lat' dir='ltr'>et</span> <span class='ocrx_word' id='word_1_330' title='bbox 875 3023 985 3072; x_wconf 68' lang='lat' dir='ltr'>donula.</span> <span class='ocrx_word' id='word_1_331' title='bbox 993 3021 1046 3062; x_wconf 85' lang='lat' dir='ltr'>ohete</span> 
     </span>
     <span class='ocr_line' id='line_1_51' title="bbox 627 3083 1047 3128; baseline -0.005 -2"><span class='ocrx_word' id='word_1_332' title='bbox 627 3085 654 3126; x_wconf 89' lang='lat' dir='ltr'>de</span> <span class='ocrx_word' id='word_1_333' title='bbox 665 3084 746 3128; x_wconf 82' lang='lat' dir='ltr'>bendee</span> <span class='ocrx_word' id='word_1_334' title='bbox 763 3084 776 3128; x_wconf 78' lang='lat' dir='ltr'>h</span> <span class='ocrx_word' id='word_1_335' title='bbox 790 3084 810 3127; x_wconf 83' lang='lat' dir='ltr'>Ia</span> <span class='ocrx_word' id='word_1_336' title='bbox 824 3085 884 3128; x_wconf 84' lang='lat' dir='ltr'>eolde</span> <span class='ocrx_word' id='word_1_337' title='bbox 896 3083 1047 3126; x_wconf 75' lang='lat' dir='ltr'>d&#39;hntoine-</span> 
     </span>
     <span class='ocr_line' id='line_1_52' title="bbox 627 3146 1043 3200; baseline -0.007 -10"><span class='ocrx_word' id='word_1_338' title='bbox 627 3147 647 3190; x_wconf 81' lang='grc'>3.</span> <span class='ocrx_word' id='word_1_339' title='bbox 667 3148 718 3200; x_wconf 78' lang='lat' dir='ltr'>Qut,</span> <span class='ocrx_word' id='word_1_340' title='bbox 735 3160 772 3190; x_wconf 85' lang='lat' dir='ltr'>cos</span> <span class='ocrx_word' id='word_1_341' title='bbox 789 3149 851 3190; x_wconf 83' lang='lat' dir='ltr'>eheie</span> <span class='ocrx_word' id='word_1_342' title='bbox 877 3147 903 3189; x_wconf 83' lang='lat' dir='ltr'>de</span> <span class='ocrx_word' id='word_1_343' title='bbox 924 3146 1010 3189; x_wconf 74' lang='lat' dir='ltr'>hemlee.</span> <span class='ocrx_word' id='word_1_344' title='bbox 1023 3166 1043 3175; x_wconf 91' lang='lat'>-</span> 
     </span>
    </p>
   </div>
   <div class='ocr_carea' id='block_1_15' title="bbox 1122 3158 1137 3211">
    <p class='ocr_par' dir='ltr' id='par_1_18' title="bbox 1122 3158 1137 3211">
     <span class='ocr_line' id='line_1_53' title="bbox 1122 3158 1137 3211; baseline -0.6 1"><span class='ocrx_word' id='word_1_345' title='bbox 1122 3158 1137 3211; x_wconf 76' lang='lat' dir='ltr'>h</span> 
     </span>
    </p>
   </div>
   <div class='ocr_carea' id='block_1_16' title="bbox 0 0 1146 3496">
    <p class='ocr_par' dir='ltr' id='par_1_19' title="bbox 0 0 1146 3496">
     <span class='ocr_line' id='line_1_54' title="bbox 0 0 1146 3496; baseline 0 0"><span class='ocrx_word' id='word_1_346' title='bbox 0 0 1146 3496; x_wconf 95' lang='lat' dir='ltr'> </span> 
     </span>
    </p>
   </div>
  </div>
 </body>
</html>
