2284 3496
316 96 492 146 eutulanum
509 97 651 158 suenum,
670 99 708 158 Vl,
725 97 764 148 ll.
963 95 991 146 31

81 214 213 298 patriam
239 232 272 276 se
301 213 433 276 visurum
454 231 521 274 esse
550 212 633 275 dixit.
663 212 721 276 Sed
750 213 823 296 quid
858 213 992 292 singulos

78 311 304 376 commemoro?
329 310 581 392 Frequentissimo
609 310 725 374 senatui
753 311 797 374 sic
823 312 935 393 placuit
958 321 993 372 ut

79 418 161 474 esset
177 410 324 490 nemoqui
339 409 413 470 mihi
429 428 488 470 non
501 415 533 470 ut
546 409 661 489 parenti
676 409 788 487 gratias
810 417 922 488 ageret,
941 410 992 491 qui

13 513 16 520 '
81 509 158 570 mihi
175 527 233 570 non
248 507 337 568 vitam
350 525 447 583 suain,
463 507 611 582 fortunas,
623 506 745 585 liberos,
761 525 825 568 rem
841 507 992 589 publicam

80 607 208 670 referret
228 613 390 686 acceptam.

122 703 174 768 VI.
200 703 248 765 l3.
279 702 499 784 sedquoniam
526 701 586 764 illis
611 721 686 784 quos
709 704 872 783 nominavi,
900 710 993 766 tutet

82 801 194 864 talibus
209 800 293 879 viris,
309 819 357 862 res
369 800 489 881 publica
501 799 666 876 orbataest,
678 801 833 864 veniamus
845 801 882 864 ad
898 802 990 880 vivos,

9 917 26 977 Γ
82 899 136 982 qui
164 899 222 962 duo
251 899 289 960 dc
315 897 518 961 consularium
543 916 667 959 numero
705 898 815 979 reliqui
845 907 924 961 sunt.
956 899 989 961 L.

83 998 201 1075 Cotta¹‚
222 999 266 1058 vir
283 1015 400 1058 summo
418 995 538 1076 ingenio
559 1015 734 1077 summaque
756 996 926 1077 prudentia,
942 1015 992 1060 re-

82 1095 140 1158 bus
156 1095 194 1158 iis
221 1095 330 1174 gestis²
360 1113 434 1176 quas
462 1101 492 1155 tu
516 1093 712 1176 reprehendis
743 1094 993 1175 supplicationem

83 1193 216 1255 decrevit
229 1191 328 1254 verbis
344 1191 551 1273 amplissimis
568 1192 656 1273 eique
670 1191 715 1254 illi
730 1191 800 1272 ipsi,
816 1210 891 1273 quos
904 1193 992 1254 modo

83 1290 246 1366 nominavi,
277 1290 449 1350 consulares
477 1297 659 1370 senatusque
690 1297 815 1352 cunctus
852 1308 993 1353 assensus

85 1388 159 1465 est³‚
179 1387 232 1468 qui
258 1387 351 1448 honos
374 1392 440 1467 post
462 1385 611 1446 conditam
639 1386 716 1446 lianc
740 1386 845 1447 urbem
871 1387 992 1450 habitus

83 1493 129 1548 est
142 1491 239 1564 togato
249 1491 316 1545 ante
331 1502 379 1544 me
394 1483 507 1544 nemini
518 1482 539 1542 ⁴.

123 1583 171 1645 tl.
187 1582 219 1644 L.
237 1582 364 1660 Caesam,
385 1581 550 1642 avunculus
573 1588 652 1659 tuus,
674 1598 733 1661 qua
754 1581 903 1661 oratione,
928 1601 986 1664 qua

82 1681 260 1758 constantia,
281 1698 341 1761 qua
357 1679 499 1758 gravitate
520 1679 699 1740 sententiam
726 1678 800 1741 dixit
817 1679 850 1742 iu
877 1680 987 1743 sororis

83 1796 144 1840 suae
155 1777 261 1853 virum,
276 1776 435 1838 vitricum²
451 1776 550 1838 tuum!
567 1775 653 1837 Hunc
664 1783 696 1837 tu
708 1795 775 1837 cum
792 1784 943 1838 auctorem
959 1785 987 1840 et

83 1881 295 1958 praeceptorem
314 1873 455 1934 omnium*
478 1873 675 1936 consiliorum
689 1873 838 1956 totiusque
854 1874 918 1937 vitae
933 1874 988 1936 de-

82 1971 200 2036 buisses
214 1973 335 2050 habere,
351 1971 445 2034 vitrici
464 1979 490 2034 te
510 1971 638 2034 similem
658 1989 746 2054 quam
767 1973 907 2034 avunculi
922 1992 987 2034 ma·

83 2070 175 2132 luisti.
200 2071 297 2150 Hujus
316 2087 369 2146 ego
390 2068 505 2131 alienus
520 2069 653 2132 consiliis
668 2069 773 2131 consul
795 2089 867 2132 usus
893 2089 984 2132 sum:

84 2177 127 2244 tu,
144 2167 255 2229 sororis
270 2167 360 2241 filius,
377 2166 485 2246 ecquid
497 2167 533 2228 ad
546 2184 614 2228 eum
627 2185 758 2248 uuquam
770 2167 807 2228 de
823 2165 987 2248 republica

83 2264 243 2328 rettulisti?
259 2263 297 2326 At
313 2264 350 2324 ad
370 2282 446 2344 quos
466 2263 577 2325 resert‘l
597 2263 628 2326 di
653 2263 853 2326 immortales!
877 2264 915 2324 ad
935 2283 986 2326 eos

85 2363 198 2425 scilicet
221 2379 348 2444 quorum
380 2359 466 2424 nobis
492 2360 582 2423 ctiam
608 2361 672 2423 dics
699 2361 813 2424 natales
844 2362 985 2425 audiendi

84 2462 180 2524 sunt³.

109 2621 150 2661 1⁸.
164 2615 506 2666 t.r.noretiaccono,consu1
585 2621 628 2660 u.
649 2615 668 2658 l.
688 2617 712 2659 l.
733 2617 808 2660 tortos
831 2617 916 2666 caesar,
932 2615 988 2658 luere

84 2693 109 2726 an
129 2679 164 2722 65.
186 2702 212 2710 -
228 2678 248 2721 2.
270 2679 342 2721 lictor
360 2679 437 2730 acatia.
454 2677 508 2718 datil
560 2677 658 2729 datalia,
668 2677 727 2722 mera
739 2678 860 2728 d'tluloine.
869 2679 901 2722 lut
913 2679 987 2722 consul

85 2741 201 2796 dependant
220 2741 246 2782 de
267 2741 372 2783 clamauit.
388 2761 414 2770 -
426 2739 448 2782 3.
465 2741 505 2783 Aa·
559 2751 586 2782 eu
599 2739 635 2782 cl.
649 2740 704 2784 -9,
720 2742 836 2790 Vltrtoum,
849 2741 873 2782 P.
887 2742 987 2784 Lentulus

84 2815 161 2847 sensus
172 2808 210 2846 cst.
223 2802 327 2845 Lererba
340 2801 506 2844 a'accordeaeu-
561 2801 620 2856 (ch.
642 2802 732 2852 latrum,
758 2803 769 2856 fl
791 2803 819 2855 lt.
834 2824 861 2834 -
880 2802 902 2845 3.
926 2804 987 2856 Quo-

84 2865 159 2908 lement
173 2877 223 2906 avec
241 2865 262 2906 le
279 2863 363 2906 dernier
382 2864 505 2914 substautil,
560 2875 613 2907 rum
688 2865 736 2906 utica
761 2865 852 2907 natales
878 2865 987 2908 audiendi

84 2939 108 2969 ca
134 2927 168 2981 qul
188 2926 257 2970 arriva
275 2929 371 2969 aouraut.
386 2948 412 2957 -
427 2925 447 2968 l.
461 2927 506 2971 Ne·
560 2931 620 2976 aunt,
636 2925 687 2968 dont
706 2937 762 2968 noua
776 2925 854 2968 clevans
868 2925 987 2982 uppreudre

84 2989 145 3038 mint,
158 2987 218 3044 place
238 2987 250 3030 a
267 2989 288 3031 la
304 2988 332 3030 stu
348 2989 375 3030 de
390 2988 505 3043 laphrase‚
561 2988 583 3030 le
603 2987 654 3042 jour
668 2987 695 3030 de
709 2987 820 3030 naiasanaa
835 3000 873 3044 par
898 2988 918 3031 lu
942 2988 985 3030 lete

84 3050 165 3108 appella
176 3049 506 3106 pantauliaramantl'attantion.
561 3061 601 3104 qua
626 3049 697 3092 douae
715 3049 817 3093 Anteius.
