2284 3496
106 133 145 190 ta,
333 134 497 184 PHILIPPICA
516 135 663 190 SECUNDA,
679 134 774 189 amr.

106 249 196 312 eoam
215 249 336 312 auare?
355 248 391 310 nr
407 233 497 328 igitur
512 249 558 310 ns
578 248 758 330 maronicum
776 249 812 310 ao
833 248 938 312 arens
955 270 1010 330 po-

108 346 164 408 tius
190 346 347 408 consilium
373 353 510 427 peterent
539 365 626 427 quam
643 365 660 407 a
677 347 760 408 suis?
777 355 806 407 et
824 345 896 408 foris
911 347 1011 428 potius

105 462 197 524 quarn
212 443 319 508 domo‘?
347 443 445 517 Quid?
471 443 503 507 G.
531 443 663 516 Cassiae,
693 443 722 504 in
744 463 778 504 eo
793 442 908 504 familia
922 451 1011 506 natus

104 560 170 620 quac
185 559 244 601 non
260 540 347 602 modo
362 541 557 615 dominatum,
573 542 625 602 sed
641 560 677 602 ne
690 541 872 620 potentiom⁹
887 540 1007 623 quidem

103 639 278 720 cujusquam
300 637 378 698 ferre
400 638 505 718 potuit,
528 657 576 700 me
590 647 752 714 auctorem,
769 638 868 714 credo,
886 637 1009 698 deside-

103 733 178 795 ravit
193 755 200 795 :
218 735 268 815 qui
282 735 372 796 etiam
386 735 450 796 sine
465 735 511 796 his
530 735 704 796 clarissimis
719 735 789 796 viris
805 735 882 816 banc
898 753 962 796 rem
976 734 1008 794 in

103 831 205 894 Cilicia
231 833 268 892 ad
291 833 398 893 ostium
420 833 551 894 ssuminis
567 832 658 912 Cydni
680 831 899 908 confecissetm,
917 829 942 892 si
956 831 1008 892 ille

102 929 222 990 adeam
252 930 347 1010 ripam
372 930 492 1010 quam¹¹
522 929 727 1004 constituerat,
755 948 815 991 non
830 928 867 990 ad
888 936 1007 990 contre-

103 1025 190 1102 riam‚
212 1045 301 1088 naves
324 1027 499 1108 appulisset.

139 1123 192 1184 Pi,
225 1123 278 1186 Cn.
300 1123 485 1185 Dornitium¹
510 1143 569 1185 non
590 1123 685 1205 patris
706 1122 844 1185 interitus
857 1124 880 1201 ¹,
904 1124 1007 1184 claris-

100 1221 168 1280 simi
194 1220 260 1292 viri,
294 1239 354 1282 non
379 1221 538 1282 avuncuii³
563 1240 654 1294 more,
674 1239 733 1282 non
757 1220 892 1301 spoliatio
908 1221 1006 1300 digni-

102 1317 191 1378 tatis*
212 1319 248 1379 ad
261 1318 486 1399 reciperandam
502 1319 683 1396 libertatem,
700 1319 754 1404 sed
768 1336 833 1380 mea
847 1317 1006 1380 auotoritas

101 1415 257 1477 errcitavit‘.I
271 1416 317 1477 An
342 1416 373 1479 G.
397 1416 542 1478 Trebonio
559 1436 611 1496 ego
637 1415 796 1500 persuasi?
813 1415 859 1476 cui
877 1434 915 1476 ne
934 1435 1006 1476 sua·

100 1513 171 1575 dere
191 1514 313 1593 quidem
333 1533 422 1576 ausus
446 1515 587 1575 essem⁵:
616 1533 674 1594 quo
698 1514 785 1574 etiam
814 1513 955 1590 majorem
976 1511 1003 1572 ei

99 1629 148 1672 res
168 1611 285 1692 publica
306 1611 431 1690 gratiam
453 1610 550 1687 debet,
565 1612 615 1692 qui
636 1611 805 1672 libertatem
825 1610 925 1692 populi
948 1609 1004 1671 Ro·

98 1708 179 1768 mani
208 1708 297 1769 unius
328 1707 467 1781 amicitiae
491 1708 648 1789 praeposuit
678 1705 877 1788 depulsorque
906 1707 1004 1768 domi-

97 1913 166 1967 parmi
192 1924 228 1954 ses
256 1912 352 1954 aneetres
373 1913 395 1954 C.
422 1912 523 1954 Servilius

97 1975 173 2016 Ahala.
202 1974 303 2022 Geloi-ci,
334 1987 360 2015 en
387 1973 426 2015 439
460 1978 524 2014 avant

97 2041 159 2078 notre
179 2035 224 2085 ere,
243 2037 300 2077 avait
317 2035 354 2077 tue
374 2035 410 2090 Sp.
431 2035 521 2083 Matius.

97 2098 133 2151 qui
151 2097 237 2152 aspirait
261 2097 272 2139 b
296 2098 318 2140 Ia
340 2096 436 2151 royaute'.
454 2120 480 2128 -
500 2095 521 2138 8.

96 2162 135 2202 His
146 2161 274 2212 majoribus.
287 2160 364 2202 ablatis
372 2160 398 2202 de
407 2161 427 2202 Ia
436 2157 520 2212 qualite.

95 2244 121 2252 -
139 2220 159 2264 9.
185 2223 317 2266 Potentiam.
336 2223 391 2265 G’est
403 2233 445 2263 une
465 2220 521 2263 ulm-

95 2283 142 2325 sIon
158 2283 170 2326 b
184 2285 201 2326 la
214 2288 270 2327 mort
280 2284 307 2326 de
323 2285 359 2338 Sp.
374 2284 460 2326 Cassius
471 2284 521 2326 Vis-

95 2345 193 2396 cossinus,
213 2346 257 2400 qui,
282 2346 336 2388 dans
357 2358 396 2388 son
409 2344 519 2388 troisitme

94 2408 197 2455 consulat,
220 2407 258 2449 486
283 2420 314 2451 av.
338 2407 405 2455 Η..
432 2419 518 2463 proposa

93 2467 113 2508 io
134 2469 227 2523 premier
242 2481 283 2510 une
301 2468 330 2511 loi
345 2463 429 2524 agrairu
448 2474 469 2512 et
488 2471 521 2511 tut

94 2529 213 2584 soupeonne
225 2530 251 2571 de
263 2531 390 2572 rechercher
398 2531 415 2571 Ia
424 2531 518 2584 royaute.

93 2614 120 2622 -
132 2592 164 2634 I0.
186 2592 447 2654 Conseciesc1,perrt5etre
463 2594 519 2634 lors-

93 2666 132 2706 que
153 2655 216 2697 Gtsar
236 2667 259 2696 se
276 2654 348 2696 rendit
364 2655 469 2708 d'Egypte
490 2667 517 2696 en

95 2716 157 2770 Syrie
177 2730 230 2773 pour
244 2717 338 2760 marchen
356 2721 429 2758 contro
449 2718 518 2770 Pnu-

93 2791 159 2828 nace;
184 2781 238 2822 maIs
264 2781 280 2822 ii
306 2784 339 2821 est
362 2778 456 2833 possible
478 2791 517 2834 que

93 2840 190 2893 Ciceroni,
215 2842 249 2895 qui
277 2842 322 2884 seui
349 2841 468 2883 mentionne
491 2855 516 2884 ce

92 2903 138 2952 icit,
155 2915 182 2944 ne
202 2910 300 2957 rapporte
315 2904 342 2945 ici
362 2905 422 2958 qu'un
441 2905 516 2958 simplo

92 2965 148 3006 broit
159 2967 194 3018 qui
205 2965 261 3006 nvait
273 2978 343 3008 couru.
357 2990 383 2997 -
395 2966 428 3008 II.
446 2967 516 3018 Quom

92 3039 146 3080 pour
155 3027 183 3069 od
195 3038 269 3079 quom.
284 3028 315 3070 On
324 3029 463 3072 sous-entend
477 3028 516 3070 de-

91 3079 141 3132 rtur
163 3089 184 3130 le
205 3089 279 3130 relatis
292 3090 312 3130 Ia
324 3089 458 3144 proposition
479 3091 514 3142 qui

577 1896 719 1966 accompagne
729 1909 900 1960 imitamento
909 1911 930 1953 le
938 1911 1002 1954 verbo

578 1980 610 2016 est
623 1973 643 2016 Ie
657 1974 723 2016 meme
743 1973 794 2015 dans
809 1972 840 2014 Ies
857 1972 911 2014 deux
923 1985 1002 2028 propo-

578 2035 660 2078 sitione.

565 2118 567 2123 v
603 2102 646 2140 π.
674 2098 693 2142 I.
722 2099 762 2142 Gn·
789 2099 914 2142 Dominum.
947 2096 1000 2139 Dion

576 2159 665 2201 Cassius
686 2160 718 2202 dit
740 2160 798 2202 aussi
824 2173 864 2214 que
890 2160 930 2203 Gn.
955 2160 1000 2201 Do·

574 2223 652 2264 mtrem
684 2223 844 2266 Ahenobarbus
878 2222 910 2264 tut
933 2221 1000 2275 parmi

574 2282 607 2324 los
631 2283 742 2338 conjure„
763 2283 858 2326 Scatone
878 2284 899 2326 Ie
917 2283 960 2325 nie.
975 2306 1000 2314 —

574 2344 594 2386 2.
617 2347 734 2388 interitus.
752 2345 795 2388 Son
814 2345 866 2400 pere
883 2347 905 2391 L.
931 2346 1000 2387 Domi-

575 2407 626 2454 ssus,
648 2407 682 2459 qui
700 2409 731 2448 iut
748 2408 823 2450 consul
844 2419 871 2449 en
891 2407 925 2456 et,
944 2405 1000 2461 pe'rit
1074 2437 1079 2445 .

575 2466 587 2508 ‘a
615 2469 725 2516 Pharsale,
758 2482 784 2512 en
820 2469 939 2522 s‘eniuyant
973 2468 1000 2510 du

573 2541 633 2584 camp
661 2530 686 2572 de
711 2527 804 2586 Pompeie
838 2530 907 2585 (ces,
943 2531 998 2574 narr.

572 2593 623 2640 cto..
634 2593 671 2640 111.
683 2591 726 2648 99).
738 2617 762 2626 -
776 2593 796 2636 3.
811 2595 931 2637 Avuncutt.
943 2592 998 2635 G'est

573 2655 639 2697 Coton
654 2655 757 2708 d'Utiqne,
773 2656 857 2697 dentis
872 2665 928 2696 soeur
945 2655 997 2694 Por-

572 2717 606 2758 cia
628 2716 678 2758 etait
703 2717 723 2759 la
754 2717 811 2758 rn'ere
833 2715 860 2756 de
888 2715 997 2757 Domitius.

571 2800 598 2809 -
628 2778 650 2822 t.
682 2781 791 2832 spoliatio
820 2778 945 2830 dtroirctu.
980 2778 997 2820 11

570 2839 615 2882 suut
633 2841 736 2884 encomii-e
761 2840 806 2882 cele
827 2839 882 2881 dane
903 2852 926 2880 ee
949 2851 997 2882 sens

571 2904 669 2956 qu’ayunt
678 2901 711 2944 ete
722 2902 794 2957 gracie‘
808 2901 870 2956 apres
884 2901 995 2953 Pharsalo,

570 2966 585 3008 ir
596 2979 622 3008 ne
641 2965 693 3017 joua
711 2965 758 3018 plus
782 2963 808 3005 de
828 2965 874 3006 rble
885 2965 996 3018 poIiIIque.

569 3051 595 3058 -
619 3029 638 3068 5.
670 3030 745 3070 Anaua
773 3037 850 3068 eccene.
878 3027 995 3069 Trebonius

569 3090 625 3132 uruit
648 3089 667 3130 Ia
691 3087 799 3130 constance
822 3089 848 3130 de
872 3087 946 3132 Ce'sar.
970 3107 996 3119 ·-
