2284 3496
305 174 478 225 PHILIPPICA
498 172 644 229 SECUNDA,
659 169 726 235 xlv,
743 173 797 224 115.
977 173 1006 224 97

17 301 20 342 :
95 293 206 370 volent,
221 290 265 353 illi
280 291 386 353 cedant
402 268 687 366 otio⁷cunsulentes,
701 295 830 351 tamena
843 288 1008 370 republica

17 399 19 440 ῑ
94 389 324 452 revocabuntur.
340 389 381 460 Et
393 387 600 467 nomenpacis
615 387 702 448 dulce
715 394 762 448 est
773 395 802 449 ct
817 387 882 468 ipsa
897 403 946 448 res
959 403 1005 448 sa·

17 489 18 532 3
95 486 278 564 incanesco
292 487 372 548 inter
386 503 489 566 pacem
506 493 533 546 et
554 485 725 545 servitutem
739 483 901 565 plurimum
916 482 1008 546 inter·

95 591 151 648 est.
174 585 235 647 Pax
258 592 304 646 est
328 583 488 664 tranquilla
509 582 643 659 libertas,
668 579 794 644 servitus
810 589 1006 663 ,postremum
1106 622 1109 626 -

95 681 243 745 malorum
263 681 410 756 omniurn,
435 699 495 741 non
516 679 603 742 modo
618 679 708 758 bello,
727 677 780 742 sed
800 678 903 742 morte
916 678 1006 742 etiam

31 783 33 790 ’
94 779 314 860 repellendum.
985 797 988 804 ⁴

134 876 207 938 III.
242 876 372 950 Quodsil
387 893 419 936 se
434 875 516 957 ipsos
535 873 580 935 illi
597 875 691 936 nostri
712 874 917 936 liberatorese
932 893 1004 936 con-

95 981 199 1054 spectu
214 981 315 1036 nostro
338 973 536 1048 abstulerunt,
554 978 584 1033 at
599 970 767 1052 exemplum
782 972 852 1033 lacti
867 972 1000 1053 relique-

95 1077 175 1133 runt.
195 1071 254 1149 Illi,
275 1071 356 1152 quod
375 1089 463 1133 nemo
489 1070 613 1144 lecerat,
641 1069 786 1130 iecerunt.
810 1067 1006 1150 Tarquinium

99 1167 209 1230 Brutus
223 1169 303 1230 bello
316 1176 363 1230 est
379 1177 564 1250 persecutus,
581 1168 709 1248 quitum
723 1185 776 1228 rex
788 1165 844 1227 fuit
857 1183 925 1228 oum
938 1184 1005 1228 esse

98 1261 198 1327 Roman
220 1266 344 1342 licebat3
371 1265 422 1347 Sp.
444 1265 574 1342 Cassius,
600 1264 651 1345 Sp.
673 1263 857 1342 Maelius-ll.
878 1261 1005 1326 Manlius

101 1369 222 1442 propter
239 1362 442 1444 suspIcionem
466 1362 552 1441 regni
570 1361 730 1443 appetendi
753 1369 822 1422 sunt
836 1361 932 1425 necati
948 1380 956 1422 :
973 1361 1004 1422 Iri

100 1460 232 1540 primum
248 1479 316 1521 curn
343 1459 455 1540 gladiis
472 1479 532 1522 non
549 1459 581 1520 in
596 1443 724 1538 regnum
738 1466 938 1539 appetentem,
952 1457 1005 1521 sed

100 1557 132 1618 in
144 1565 319 1634 regnantem
336 1558 482 1638 impetum
494 1558 641 1619 lecerunt.
654 1557 739 1630 Quod
753 1573 819 1618 cum
835 1555 934 1636 ipsum
946 1554 1006 1618 fac·

99 1661 162 1716 tum
178 1673 232 1735 per
250 1673 282 1716 se
298 1655 474 1736 praeclarum
496 1663 541 1717 est
564 1663 653 1737 atque
674 1653 820 1732 divinum,
835 1659 900 1715 tum
913 1671 1005 1734 expo·
1111 1699 1113 1702 -

100 1750 190 1813 situm
214 1751 253 1812 'ed
287 1751 467 1813 imitandum
493 1760 549 1830 est,
578 1753 742 1834 praesertim
769 1770 838 1815 cum
866 1750 912 1812 illi
939 1768 1005 1816 eam

98 1850 223 1930 glorIam
248 1852 403 1912 consecuti
429 1851 491 1913 sint
514 1871 579 1933 quae
601 1854 649 1914 vix
670 1845 740 1914 caelo'
765 1851 831 1932 capi
855 1867 942 1931 posse
963 1849 1005 1911 vi.

98 1946 215 2008 deatur.
225 1948 286 2009 Etsi
299 1949 380 2010 enirn
395 1949 469 2010 s'atis
484 1948 515 2009 in
531 1950 596 2029 ipsa
611 1949 791 2012 conscientia
808 1946 1006 2029 pulcherrimi

98 2041 168 2106 lacti
189 2043 304 2107 fructus
320 2053 394 2120 erat,
418 2053 519 2108 tamen
537 2043 654 2108 mortali
668 2044 923 2109 immortalitatem
945 2061 1005 2106 non

98 2140 228 2204 arbitror
243 2159 308 2203 esse
322 2143 581 2204 contemnendam.

138 2236 223 2301 XIV.
237 2238 308 2318 Il5.
331 2239 499 2302 Recordare
513 2240 604 2319 igitur
619 2240 715 2318 illurn,
731 2240 770 2303 ld.
784 2240 907 2318 Antoni,
924 2239 1004 2302 diem

98 2353 159 2418 quo
185 2335 363 2398 dictaturam
385 2337 547 2414 sustulisti3
565 2357 642 2419 pone
663 2347 731 2400 ante
755 2339 856 2400 oculos
871 2337 1004 2400 laetitiam
1057 2342 1061 2350 ’

99 2440 220 2494 senatus
239 2435 404 2518 populique
419 2434 556 2510 Romam,
582 2434 685 2497 confer
711 2455 779 2498 curn
799 2435 855 2496 hac
879 2434 1004 2497 numani

97 2530 316 2594 nundinatione
336 2538 388 2594 tua
417 2539 593 2615 tuorumque
616 2553 623 2593 :
647 2541 710 2594 turn
737 2534 887 2614 intelliges
912 2550 1004 2615 quan·

97 2632 161 2692 turn
178 2629 258 2690 inter
271 2629 390 2690 lucrum
412 2636 442 2692 et
463 2630 581 2692 laudem
609 2631 734 2694 intersit
766 2631 825 2696 Sed
848 2630 1003 2710 nimirum,

97 2730 132 2787 ut
144 2726 266 2806 quidam
288 2728 391 2790 morbo
406 2727 505 2809 aliquo
528 2737 556 2790 et
569 2747 674 2792 sensus
690 2738 812 2810 stupore
828 2728 1004 2790 suavitatem

98 2821 156 2884 cibi
172 2841 232 2886 non
246 2826 391 2904 sentiunt,
405 2826 448 2887 sic
463 2825 628 2906 libidinosi,
644 2827 736 2905 arari,
752 2825 912 2889 facinerosi
928 2843 1004 2890 verae

124 3011 146 3054 7.
165 3009 238 3056 Otium
249 3015 281 3054 est
291 3024 382 3067 presque
390 3011 523 3067 l'equivalent
605 3018 667 3058 m.
678 3013 698 3056 I.
713 3013 803 3066 Quadri.
815 3013 842 3058 Le
861 3013 934 3058 relulli
946 3018 1004 3069 quod

98 3073 125 3117 de
131 3085 188 3128 pan,
203 3074 241 3128 qui
251 3077 284 3118 ert
295 3074 348 3118 dans
359 3077 379 3118 la
389 3077 466 3131 phrase
475 3077 523 3118 sui·
578 3073 603 3118 ae
620 3081 663 3118 ruet
681 3075 762 3118 devant
779 3077 886 3120 certaInoa
905 3077 1005 3134 conjonc-

96 3143 166 3180 vame.
578 3139 642 3190 done.
656 3141 737 3182 aurtout
749 3138 826 3184 devant
838 3139 867 3193 at,
879 3141 935 3194 niel,
953 3143 1002 3190 eon

176 3209 307 3260 nroxmrru
320 3223 485 3270 rurmrrrouu.
864 3211 877 3261 'I
