2284 3496
131 169 162 223 ro
354 173 531 228 rnlnlenlcn·
543 175 689 238 secunus,
707 143 777 235 xxx,
794 173 833 228 ro.

130 287 318 354 defendenda
325 311 424 374 ,usque
436 294 474 357 ad
485 301 659 361 extremum.
675 294 919 379 Terclepugnavit
931 293 1035 358 (laesor

131 407 198 450 eum
212 388 339 468 civibus,
354 391 385 454 in
405 390 571 472 Thessalia,
587 393 699 468 Africa,
717 395 869 476 Hispania.
889 392 1038 456 Omnibus

130 487 214 549 affuit
225 487 271 549 his
285 489 391 568 pugnis
404 489 567 569 Dolabella,
577 493 610 552 in
624 493 815 575 Hispaniensi
829 490 918 554 etiam
927 489 1039 552 vulnus

130 585 253 664 accepit.
266 583 297 648 Si
307 587 421 648 demae
426 579 541 667 judicio
552 591 674 669 quaeris,
694 591 838 666 nollem³‚
853 587 906 650 sed
918 588 1039 650 tamen⁴

130 681 289 744 consilium
306 701 323 744 a
343 685 770 765 primo⁵reprehendeudum‚
794 686 945 748 laudanda
963 703 1038 747 con-

74 775 78 783 '
131 778 258 840 stantia:
281 786 314 841 tu
336 799 406 842 vero
433 782 506 862 quid
536 783 590 844 es‘l
615 783 669 846 Gn.
696 783 819 865 Pompei
843 783 957 844 'liberm
976 791 1040 844 turn

133 875 284 958 primum⁷
297 878 421 958 patriam
441 877 659 960 repetebant-
674 889 754 959 est03
771 879 955 942 luerit⁸l1aec
968 897 1040 961 par-

131 973 208 1035 tium
227 993 317 1037 causa
339 975 506 1038 communis
526 997 583 1038 -:
601 965 774 1059 repetebant
800 985 943 1059 praterea
965 973 1039 1039 deus

132 1071 256 1154 patrios,
279 1091 357 1150 aras,
381 1073 474 1150 socos,
491 1073 584 1135 larem
608 1093 695 1136 suum
716 1075 906 1152 familiarem,
925 1075 955 1136 in
970 1093 1038 1156 quae

132 1176 164 1230 tu
177 1169 339 1256 invaseras.
354 1169 422 1232 Haec
435 1189 502 1232 cnm
516 1178 651 1253 peterent
665 1171 756 1235 arinis
769 1173 791 1234 il
804 1191 933 1254 quorum
955 1179 1040 1234 erant

133 1265 247 1346 legibus
262 1301 302 1314 --
317 1269 372 1330 etsi
392 1269 423 1329 in
439 1267 530 1330 rebus
556 1269 753 1352 iniquissimis
771 1269 843 1352 quid
858 1276 956 1352 potest
973 1287 1040 1332 esse

131 1365 247 1448 aequil‘l
272 1399 328 1444 -‚
344 1375 446 1429 tamen
472 1385 561 1448 quem
596 1374 661 1429 erat
687 1368 893 1450 aequissimum
936 1373 1041 1430 contra

134 1462 187 1526 Cn.
212 1461 334 1544 Pompei
362 1461 475 1527 liberos
503 1466 656 1547 pugnare?
683 1465 792 1548 quem?
816 1472 857 1543 te,
878 1474 1038 1527 sectorem.

133 1559 181 1623 An
196 1568 229 1623 tu
241 1560 379 1624 Narbone
397 1577 515 1624 mensas
530 1561 679 1642 hospitum
700 1581 891 1624 convomeres
901 1563 937 1641 ¹⁰,
951 1561 1041 1625 Dola-

132 1657 213 1721 bella
228 1676 282 1740 pro
297 1666 326 1720 te
340 1658 371 1720 in
387 1657 528 1740 Hispania
543 1659 720 1722 dimicaret?
796 1691 799 1698 ·
923 1663 927 1670 “

173 1756 222 1820 to.
238 1753 292 1830 Qui
305 1775 375 1819 vero
383 1755 521 1820 Narbone
531 1755 679 1820 reditus¹t
696 1757 787 1820 etiam
798 1756 967 1839 quaerebat¹
983 1775 1039 1820 cur

134 1959 184 2016 cais.
198 1959 230 2005 len
244 1963 344 2015 franceis,
358 1974 386 2005 on
398 1961 488 2017 emplole
501 1963 561 2006 aussi

133 2021 253 2068 l’indicatif
262 2024 314 2068 dane
325 2025 419 2068 censuim
430 2037 468 2068 cae
482 2027 559 2068 analo-

134 2099 194 2142 ssuee.
201 2111 227 2120 -
234 2087 254 2130 ³.
260 2087 354 2139 Nollem,
365 2087 467 2144 supple'ez
474 2087 559 2141 affuis-

134 2154 169 2194 set
179 2150 354 2194 Balaleisa—l.
361 2151 404 2194 ses
410 2153 485 2195 tauron
492 2150 560 2192 intro-

135 2212 181 2256 uuit
191 2213 245 2256 deux
262 2211 407 2269 propositione
419 2213 557 2269 principales,

135 2275 187 2318 dont
195 2277 215 2317 la
223 2273 326 2330 premiere
334 2280 367 2318 est
375 2274 520 2330 lupiquement
529 2287 563 2317 su·

135 2335 259 2380 loordonnee
268 2338 334 2380 :mals
340 2337 358 2378 sl
366 2351 388 2380 sa
395 2336 510 2380 resolution
517 2337 562 2379 doit

136 2399 182 2446 etro
202 2398 293 2448 loltrnee¹
316 2399 332 2441 il
345 2400 401 2450 taut,
413 2402 455 2442 eto.
470 2422 498 2431 -
511 2399 530 2441 5.
547 2399 562 2441 Α

128 2473 129 2476 ’
134 2462 217 2514 primo.
225 2458 277 2502 dens
286 2461 306 2510 le
313 2460 473 2515 principe—6.
480 2462 561 2512 Liberi,

136 2523 210 2566 Gneus
223 2526 244 2564 at
254 2521 337 2564 Sextus.
348 2546 374 2553 —
382 2523 403 2572 7.
415 2524 517 2566 Primum
529 2527 562 2566 est

138 2597 164 2627 en
172 2591 264 2640 rapport.
275 2596 317 2626 non
328 2595 366 2637 pas
379 2596 430 2628 avec
442 2590 498 2634 tum,
509 2586 562 2626 mais

136 2651 316 2700 uvacpraeterea,
333 2646 368 2700 qui
388 2647 448 2689 suit:
467 2647 493 2689 ils
506 2659 562 2689 vou-

138 2710 205 2753 laient
214 2714 278 2752 avant
291 2712 336 2752 tout
351 2714 436 2752 rentrer
453 2709 507 2752 dans
518 2709 564 2752 laur

138 2773 206 2827 patrie
213 2787 218 2824 ς
226 2795 253 2804 -
264 2785 290 2814 en
300 2777 367 2822 outre,
375 2776 416 2814 etc.
426 2793 452 2802 -
463 2770 484 2814 8.
495 2773 563 2822 Etim·

137 2835 210 2886 fuerit
216 2833 341 2890 (euhionctil
347 2833 383 2888 qui
392 2846 478 2889 maeque
484 2834 505 2876 la
513 2847 564 2876 con·

139 2897 240 2951 cessioni.
256 2899 285 2940 Le
299 2907 349 2940 sens
361 2895 387 2938 de
400 2897 421 2939 le
438 2897 564 2950 parenthese

138 2964 185 3001 est:
197 2960 249 3008 soit,
262 2958 309 3002 cela
322 2963 354 3001 est
368 2971 417 3002 sane
435 2961 565 3014 importanoe

139 3032 192 3076 pour
204 3032 262 3070 vous,
275 3033 310 3063 aar
323 3021 346 3077 je
358 3033 409 3064 rous
421 3021 509 3064 eccardo
524 3031 564 3076 qne

139 3081 212 3126 e’ctait
225 3082 249 3124 la'
259 3095 322 3126 cause
339 3096 452 3128 commune
467 3083 493 3126 de
505 3087 562 3124 notra

140 3145 205 3199 parti.
213 3143 268 3187 -9,
276 3146 323 3188 Etsi
368 3147 435 3198 apos.
448 3147 475 3187 La
484 3155 564 3199 paren·

603 1941 682 2015 these,
707 1961 742 2020 qui
769 1963 893 2020 lnterrompt
915 1964 935 2006 la
954 1937 1041 2018 phrase,

616 2037 693 2070 exerce
705 2025 823 2082 eependant
836 2035 874 2070 eon
887 2026 993 2070 intluence
1005 2037 1043 2068 sur

615 2087 635 2130 la
645 2088 797 2140 construction,
805 2088 977 2143 puiequetamcn
984 2087 1043 2129 vient

616 2149 719 2205 plueloin
727 2149 829 2206 rependes
840 2149 853 2193 l
863 2151 914 2194 etat.
927 2152 955 2194 ln
967 2161 1043 2204 peren·

616 2211 677 2257 these
695 2213 773 2264 auruit,
792 2212 821 2256 du
846 2217 909 2261 reste,
929 2225 957 2266 pu
981 2211 1042 2254 renlr

617 2274 680 2329 apres
692 2275 858 2328 machelmum,
875 2273 962 2330 pulsque
982 2274 1042 2326 aqui

618 2343 652 2380 est
663 2348 690 2379 en
702 2342 787 2391 rapport
805 2349 855 2379 aree
870 2349 895 2379 ea
915 2335 1029 2390 superlatll
1035 2349 1040 2377 :

617 2399 653 2456 qui
670 2397 751 2440 ctaitle
768 2399 816 2454 plue
827 2411 854 2441 en
867 2397 932 2449 droit,
945 2398 979 2440 e'il
991 2403 1043 2452 peut

599 2501 603 2518 ἴ
616 2459 763 2514 elrequestion
771 2460 960 2503 dadroitdunslas
968 2461 1043 2502 choses

600 2555 602 2566 .
617 2524 650 2566 les
658 2523 705 2578 plus
713 2523 812 2577 iniustes,
822 2528 863 2565 eto.
870 2546 896 2554 —
907 2521 939 2566 10.
949 2523 982 2565 Ate
989 2533 1044 2565 con·

600 2583 603 2630 ἴ
617 2583 1044 2640 uomerca‚deuais-tnt...Sub1onctilde

617 2648 788 2701 l'intarrogation
800 2647 924 2690 dubiusne.

645 2716 686 2753 eo.
696 2709 716 2752 l.
724 2711 968 2762 Qulltorooocrcsstor
975 2711 983 2752 l
990 2708 1042 2763 vop.

618 2772 705 2821 Inlrod.‚
720 2772 732 2826 ἓ
748 2771 769 2814 6.
785 2773 827 2815 Son
847 2778 925 2820 remur,
941 2771 976 2825 qui
992 2770 1044 2813 erait

619 2834 738 2882 inaltendu,
745 2832 864 2875 donnallau
874 2833 885 2875 a
896 2837 967 2876 toutas
976 2837 1044 2874 sortes

619 2895 645 2938 de
652 2897 700 2938 larix
711 2895 814 2944 omissos
825 2907 888 2937 causa
897 2895 1045 2950 d'autantplus

605 3003 607 3006 ,
619 2956 985 3012 d'inquie'tudequ'ilattenditlanuit
992 2968 1046 3010 pour

605 3031 702 3075 *papner
720 3017 860 3061 secretement
874 3030 897 3060 sa
915 3018 1003 3060 maison.
1018 3041 1045 3049 -

617 3082 638 3125 2.
660 3083 733 3124 Etiam
743 3082 867 3133 quarelae,
882 3080 934 3122 dana
946 3092 984 3123 son
996 3079 1045 3122 dis-

617 3154 681 3186 cours
692 3141 720 3186 du
739 3140 765 3184 le
781 3147 835 3196 sept.
859 3147 933 3185 contre
947 3140 1044 3186 ciceron.
