2284 3496
326 159 517 235 'rurnrrrmn
534 183 680 246 secunus,
698 187 738 247 rx,
758 184 797 234 rr.
930 166 932 170 ’
982 185 1013 236 es

108 301 264 378 nonnulla3
286 299 399 382 aliquid
417 301 498 363 enirn
512 302 585 364 salis
604 319 622 362 a
646 301 738 383 rpima
754 304 869 364 uxoro¹
893 304 1012 366 trahere

106 400 236 486 potuisti.
251 399 371 463 Cedant
387 417 480 462 armo
494 400 599 480 topre'.
616 385 714 476 Quid?
726 407 789 462 tum
802 418 902 463 nonne
917 419 1013 464 cesse

106 497 196 560 runt‘i
211 498 247 559 At
255 504 356 578 postea
370 499 431 559 tuis
443 496 535 560 armis
545 497 636 559 cessit
646 506 723 575 toga.
738 498 911 571 Quaeramus
922 499 1013 578 igitur

107 603 207 658 utrum
221 594 328 658 melius
338 596 429 658 suerit
441 595 574 657 libertati
588 594 689 676 populi
704 595 831 662 Romani
848 596 1012 660 scelerato-

107 711 174 756 rum
186 712 278 768 arma,
289 713 325 756 en
334 692 502 756 libertatem
511 700 641 754 nostram
653 693 744 754 armis
752 693 811 754 tuis
821 694 937 756 cedere.
950 695 1012 758 Nec

106 811 176 854 vero
191 791 246 854 tibi
260 791 297 854 de
308 791 443 854 versibus
458 791 545 872 plura
557 789 764 872 respondebo:
781 797 899 853 tanturn
913 793 1010 855 dicam

106 889 237 952 breviter
255 896 285 952 te
308 907 406 970 neque
435 887 502 950 illos
526 906 626 969 neque
646 887 722 950 ullos
747 888 868 950 omnino
893 890 1009 952 litteras

105 988 225 1065 nessei,
244 1007 291 1049 me
311 1005 367 1048 nec
388 987 433 1048 rei
457 985 584 1067 publicae
607 1003 663 1046 nec
681 985 786 1047 amicis
808 1003 940 1065 unquam
961 987 1010 1049 de

105 1083 209 1163 tuisse,
219 1091 248 1147 ct
262 1091 363 1148 tamen
376 1083 457 1146 omni
470 1101 579 1163 genere
591 1081 843 1145 monimentorum
852 1085 1008 1146 meorum*

105 1183 319 1264 perfecissent
341 1201 415 1245 meae
429 1183 539 1259 vigiliae
559 1170 697 1260 meaeque‘
718 1179 825 1243 litterae
852 1188 881 1243 et
899 1182 1009 1262 juven·
1048 1183 1050 1188 ’

103 1279 158 1342 tuti
174 1279 311 1341 utilitatis
328 1286 357 1343 et
372 1280 487 1340 nomini
505 1279 638 1341 Romano
655 1277 754 1339 laudis
777 1277 892 1359 aliquid
914 1279 1006 1341 affer-

103 1383 180 1438 rent.
197 1375 256 1438 Sed
269 1376 331 1437 haec
344 1393 406 1436 non
421 1375 510 1454 hujus
524 1375 690 1454 temporis:
712 1375 826 1453 maiora
842 1375 1006 1439 videamus

144 1472 191 1535 IX.
214 1471 264 1535 tt.
282 1471 315 1534 P.
332 1471 468 1534 Clodium
490 1458 556 1532 meo
580 1470 705 1532 consilio
730 1470 919 1533 interiectum
943 1492 1008 1534 esse

103 1571 214 1634 dixisti.
228 1569 376 1646 Quidnam
391 1568 527 1632 homines
544 1573 692 1650 putarent,
706 1567 732 1630 si
749 1574 811 1628 tum
826 1569 942 1630 occisus
961 1587 1011 1631 es-

105 1677 162 1748 set,
179 1687 245 1730 cum
257 1675 290 1730 tu
303 1667 430 1730 illumin
447 1665 526 1746 loro,
541 1666 725 1747 inspectante
742 1663 850 1746 populo
862 1665 1008 1745 Romano,

106 1765 439 1846 gladioinsecutuses¹,
457 1763 668 1844 negotiumque
678 1761 886 1842 transegisses‚
903 1765 962 1826 nisi
976 1782 1009 1826 se

105 1863 157 1925 ille
172 1862 202 1924 in
214 1862 308 1925 scalas
320 1859 452 1924 tabernae
463 1861 594 1923 librariae
612 1860 789 1940 conjecisset
808 1859 908 1940 iisque
922 1862 1009 1942 oppi-

109 1961 177 2022 latis
200 1960 343 2041 impctum
358 1965 445 2020 tuum
458 1955 704 2039 compressisset?
718 1955 803 2029 Quod
820 1957 942 2038 quidem
954 1977 1009 2036 ego

106 2057 231 2119 larisse¹
246 2074 294 2117 me
306 2056 361 2118 tibi
376 2056 481 2130 fateor,
492 2053 623 2116 suasisse
635 2072 674 2116 ne
689 2061 721 2115 tu
739 2053 860 2133 quidem
872 2054 958 2116 dicis.
972 2055 1010 2116 At

106 2151 209 2216 idiloni
222 2171 260 2214 ne
270 2152 370 2214 terere
383 2151 504 2231 quidem
517 2150 614 2232 potui3
627 2149 711 2231 prius
726 2150 806 2210 enim
818 2167 883 2210 rem
897 2159 1009 2212 transe-

106 2250 151 2328 git
164 2267 253 2330 quam
264 2249 422 2330 quisquam
434 2265 504 2310 cum
523 2247 670 2308 facturum
694 2245 725 2306 id
739 2245 954 2324 suspicaretur.
970 2247 1009 2307 At

105 2365 161 2426 ogo
176 2345 268 2410 suasi.
286 2343 407 2410 Scilicet
421 2345 447 2409 is
460 2343 579 2407 animus
600 2349 663 2405 eret
683 2339 803 2404 llilouis
817 2349 850 2404 ut
867 2343 1008 2423 prodesse

130 2587 176 2627 20.
200 2583 219 2628 l.
233 2583 299 2628 iiima
315 2591 395 2634 onore.
417 2581 437 2626 la
459 2581 531 2626 mmd-
583 2578 1009 2638 littdmtureenandnimi-Omni...

106 2645 182 2688 diones
193 2643 298 2700 Cytheris.
312 2643 344 2689 Gt.
362 2645 482 2698 cptnartoo
493 2655 530 2688 so·
585 2653 853 2698 mcorommosourrepes
864 2639 1010 2688 llttdulreode

106 2719 157 2751 cnm
169 2709 247 2751 tcottco
256 2711 336 2760 operto
344 2709 426 2759 portat,
435 2708 531 2750 atteram
585 2708 630 2748 tout
640 2715 716 2758 genre.

105 2780 203 2813 oaorem
228 2770 265 2823 (od
289 2771 343 2818 itt..
364 2769 390 2817 ll,
412 2765 453 2822 ro).
468 2767 529 2811 -2
612 2769 654 2809 u.
683 2766 703 2808 l.
733 2765 810 2810 tltcdto
834 2765 952 2807 insecutos
977 2773 1009 2807 eo.

107 2829 178 2886 Touo.
193 2833 221 2875 Lo
239 2829 348 2872 verodont
362 2826 531 2884 nemoquein·
585 2827 638 2882 ch.
653 2827 743 2878 lntrod„
762 2826 807 2882 εἰ.
821 2823 882 2867 -1,
903 2823 965 2876 Quod

107 2889 164 2935 toino
182 2892 276 2948 [cadoni
301 2903 368 2936 ormo
392 2893 458 2946 topos,
478 2901 531 2933 oon-
586 2889 676 2941 rodose,
702 2888 762 2930 avoir
790 2885 886 2942 applaudi
916 2883 929 2928 i
955 2889 1010 2928 cetto

106 2955 258 2998 cedotlooroo
268 2953 340 3009 lttttdt)
351 2951 532 2996 sctronroltdans
587 2949 693 2993 condutta.
713 2947 843 2992 L’aoeusatil
861 2947 912 2991 d’un
926 2947 1012 3002 adjecti

106 3015 128 3057 le
140 3013 252 3069 mimate
268 3015 357 3064 clutton
372 3025 408 3057 our
426 3025 463 3057 son
482 3025 533 3056 oon-
587 3010 731 3055 determinant
752 3013 826 3053 neutro
848 3013 895 3052 nrt
921 3011 1010 3050 movent

108 3075 170 3125 solat.
180 3099 205 3107 -
214 3077 234 3128 i.
248 3077 275 3120 l'c
326 3087 398 3126 nosse,
411 3087 451 3140 quo
466 3079 488 3128 tu
505 3087 532 3124 no
587 3073 613 3118 do
625 3073 769 3140 compltrnent
782 3069 794 3114 i
808 3083 836 3120 un
848 3071 912 3122 vorle
926 3072 1010 3116 intem·

107 3137 234 3194 comprenda
245 3139 290 3183 rien
304 3149 344 3183 aux
356 3149 411 3189 rens,
424 3140 470 3184 rien
486 3137 532 3183 tta
588 3135 639 3182 sitii.
676 3149 678 3156 ’
961 3146 965 3151 ’
