2284 3496
263 175 437 226 PHILIPPICA
451 175 598 236 SECUNDA,
614 175 710 234 narrt,
727 172 767 224 att.
934 171 965 224 13

51 299 114 354 ret.
134 291 303 355 Productus
322 296 421 354 autem
443 290 663 354 incentionem
686 309 704 352 a
723 283 845 352 tribuno
866 285 963 370 plebis

52 395 127 453 'cum
142 389 347 470 respondisses
363 395 393 452 te
407 389 452 451 rei
466 396 524 452 tuae
537 389 646 451 causal
662 386 792 464 venisse,
818 384 963 468 populum

52 487 149 550 etiam
169 486 301 550 dicacem
324 487 355 548 in
383 494 413 549 te
436 486 605 549 reddidisti.
624 484 684 550 Sed
705 485 796 548 nimis
812 485 908 546 multa
924 483 961 547 de

53 584 146 664 nugIs
161 605 169 646 :
185 583 224 646 ad
236 584 348 664 majora
362 581 527 646 veniamus.
709 611 712 616 ·

96 681 216 745 XXXII.
240 680 273 745 G.
289 682 397 746 Caesari
412 701 446 744 ex
460 681 603 762 Hispania
614 680 752 743 redeunti
767 679 882 743 obviam
897 679 960 744 lon·

52 779 180 858 gissime
204 779 386 862 proceesIsti.
403 778 549 842 Celeriter
566 778 627 857 isti,
648 777 765 854 redisti,
780 784 813 840 ut
832 796 961 856 coguos-

52 883 137 939 ceret
150 885 190 951 te,
208 877 234 939 si
255 878 355 940 minus
368 875 488 952 tortam,
503 882 534 938 at
548 886 647 938 tamen
662 882 831 940 strenuum.
854 873 961 938 Factus

52 993 87 1036 es
106 973 132 1037 ei
151 993 255 1037 rursus
277 973 379 1038 nescIo
392 993 453 1055 quo
466 973 555 1036 modo
566 973 732 1036 familiaris.
755 971 889 1034 llabebat
902 970 959 1032 noc

51 1061 183 1136 omnino
191 1073 304 1137 Caesar:
315 1073 423 1154 quem⁵
436 1072 523 1154 plane
532 1071 680 1154 perditum
687 1089 746 1134 aere
756 1070 855 1132 alieno
867 1085 959 1146 egen-

53 1180 189 1252 temque,
210 1172 235 1234 si
258 1171 397 1234 eumdem
422 1186 549 1251 nequam
573 1169 724 1232 hominem
752 1167 958 1249 audacemque

51 1273 207 1346 cognorat,
220 1267 301 1328 ltunc
323 1269 354 1328 in
375 1266 605 1330 familiaritatem
618 1264 817 1328 libentissimo
831 1262 960 1344 nealpie-

50 1362 113 1426 bat.
882 1417 887 1427 .

94 1461 144 1522 19.
167 1460 220 1522 llis
241 1459 332 1538 igitur
351 1457 442 1522 rebus
459 1459 601 1542 preclare
619 1457 845 1522 commendatus
855 1457 961 1538 jussus

52 1575 86 1621 es
98 1557 283 1622 renuntiari¹
293 1557 396 1620 consul
407 1557 564 1640 etquidem
579 1575 651 1622 cum
665 1557 739 1638 ipso.
752 1555 834 1619 Nihil
847 1571 959 1636 queror

50 1655 91 1718 de
102 1655 286 1734 Dolabella¹,
298 1656 350 1737 qui
362 1663 426 1717 tum
437 1663 483 1718 est
492 1654 653 1736 impulsus,
661 1654 812 1725 inductus,
823 1653 925 1716 elusus
933 1653 957 1716 ³.

51 1751 117 1825 Qua
131 1752 163 1814 in
181 1771 214 1816 re
234 1760 345 1835 quanta
368 1753 459 1816 luerit
472 1759 599 1834 uterque
622 1758 753 1814 vostrum
778 1751 904 1832 pertidia
925 1749 958 1812 iu

50 1849 244 1928 Dolabellam,
270 1850 337 1933 quis
358 1849 496 1929 ignorat?
516 1849 590 1912 1l1e⁸
609 1850 790 1932 promIssum
808 1857 838 1911 et
852 1865 958 1930 recep-

50 1947 134 2010 tum⁵
149 1947 314 2012 intervertit
335 1948 374 2012 ad
388 1966 481 2031 seque
502 1947 676 2010 transtulit:
693 1957 726 2010 tu
743 1947 807 2028 eius
823 1945 958 2028 perfldIe

49 2045 232 2108 voluntatem
247 2053 329 2108 tuam
341 2044 537 2126 adscripsisti.
549 2045 680 2110 Veniunt
694 2044 833 2108 Kalendae
843 2044 957 2107 Ianua-

48 2143 112 2219 riae,
146 2142 281 2221 cogimur
309 2141 340 2203 ln
369 2149 529 2218 senatum3
559 2142 694 2204 invectus
728 2151 773 2205 est
803 2139 954 2222 copiosius

48 2239 141 2302 multo
161 2239 193 2300 in
207 2238 298 2300 istum
319 2246 349 2301 et
368 2237 498 2320 paratius
511 2237 666 2302 Dolabella
679 2257 768 2320 quam
789 2257 868 2302 nunc
884 2255 949 2317 ego.

87 2337 136 2400 80.
159 2336 215 2400 llic
235 2342 333 2399 autem
350 2337 444 2399 iratus
466 2355 532 2420 quae
553 2335 638 2416 dixit,
659 2335 691 2399 di
712 2335 799 2398 bonit
817 2336 951 2398 Primum

47 2566 221 2611 I-direleabiena
232 2564 260 2608 de
272 2571 304 2609 ten
313 2567 418 2610 cautione.
427 2567 472 2610 An-
524 2579 570 2612 mer
579 2566 732 2624 (renuntiare)
745 2566 781 2624 qui
794 2566 809 2611 il
821 2567 911 2611 voulait.
925 2590 953 2600 -

46 2630 104 2672 toioe
122 2629 177 2672 avait
190 2627 219 2671 dt
238 2640 261 2671 ee
276 2628 330 2670 inire
348 2628 472 2672 anullonner
524 2629 546 2672 2.
563 2633 592 2674 Dc
603 2631 723 2681 mudena,
732 2643 758 2674 au
772 2630 830 2686 uniet
840 2630 867 2672 de
880 2643 904 2672 ce
916 2629 951 2684 qul

47 2691 116 2747 quand
132 2692 147 2734 il
160 2691 182 2734 m
194 2690 340 2745 l'acquisition
358 2691 398 2734 dea
410 2691 472 2742 biens
524 2693 638 2737 catartico
650 2693 663 2737 t
674 2692 793 2737 Dolabella.
803 2691 857 2736 -3-
868 2692 953 2744 Impul-

47 2751 476 2808 conlsqueedePompam—tilam&
524 2766 576 2806 aas,
605 2757 720 2806 Inductus,
748 2753 838 2810 musae,
867 2751 951 2808 enqapd

46 2828 122 2866 coneo.
145 2828 197 2870 pour
219 2820 252 2858 tea
271 2827 360 2870 propr-es
375 2815 470 2860 allatret.
523 2815 668 2860 adamandae
692 2817 713 2859 le
734 2817 840 2865 consulam
865 2818 950 2866 clusor.

46 2902 71 2912 -
80 2881 101 2922 5.
115 2879 190 2931 Quem,
202 2877 302 2933 ruppltcz
314 2883 428 2931 capuerat.
522 2876 572 2933 ioue
591 2890 629 2934 par
642 2877 717 2922 Gener.
736 2899 763 2910 -
778 2877 799 2921 l.
813 2877 862 2926 Ille,
877 2876 950 2920 Cesar.

74 2947 115 2984 10.
140 2941 161 2982 l.
181 2939 262 2983 latreus
284 2951 307 2983 co
329 2941 469 2984 renuntiant.
523 2963 550 2972 -
569 2942 591 2984 5.
612 2941 750 2984 Promissam
780 2943 801 2984 ιι
827 2944 949 2992 receptam.

49 3003 157 3048 L'c'lcctlou
170 3000 305 3058 descononls
322 3013 360 3057 par
379 3001 413 3045 lea
430 3014 469 3044 co-
522 3013 548 3046 co
570 3003 605 3055 qul
628 3001 684 3044 avait
708 3001 743 3045 dte
766 3001 846 3058 montis
869 3006 891 3044 et
911 3014 951 3045 ec·

45 3066 107 3108 inlcer
120 3061 272 3106 dtaitdevenue
286 3064 470 3120 unceimplelor-
522 3063 585 3106 corda'
606 3076 643 3119 par·
666 3062 746 3118 etur,
767 3062 901 3108 c'eat-I-dIro
926 3063 950 3108 Ie

46 3125 122 3172 mallet.
132 3123 196 3170 (tener
206 3124 278 3168 laimit
287 3125 340 3170 tliro
352 3129 374 3168 ct
385 3127 467 3181 procla-
520 3125 624 3170 mundat.
