2284 3496
163 149 193 202 tt
365 143 534 199 PHILIPPICA
552 143 697 207 SECUNDA,
715 143 809 208 XXVII,
824 145 864 198 66.

164 268 221 331 alia
235 266 334 330 omnia
346 267 493 328 auderent
509 284 516 326 ε
535 284 612 326 unus
627 264 765 326 inuentus
780 263 887 346 estqui
901 261 932 325 id
948 263 1092 326 auderet

165 365 244 449 quod
260 364 394 427 omnium
409 353 534 444 lugissot
553 370 583 425 et
603 361 828 424 reformidasset
844 361 981 423 audacia.

205 463 253 526 65.
269 462 380 524 Tantus
396 461 486 540 igitur
506 470 534 523 te
550 469 654 542 stupor
668 460 816 541 oppressit
834 459 891 536 vel,
919 466 951 520 ut
972 459 1086 532 verius

166 561 276 634 dicam,
294 565 393 620 mutus
408 557 502 633 furor,
520 564 553 618 ut
576 557 719 639 primum,
740 575 807 619 curn
830 563 927 618 sector
948 557 992 618 sis
1019 556 1085 618 isto

167 659 232 720 looo
250 657 366 733 natus¹‚
385 655 495 717 deinde
515 645 583 716 cunr
605 653 729 735 Pompei
752 662 859 729 sector,
879 673 938 715 nou
951 659 980 715 te
993 673 1085 716 exse-

167 762 282 818 cratum
298 753 406 835 populo
419 751 564 830 Romano,
580 771 639 814 non
656 751 873 830 detestabilem,
894 769 953 813 non
970 769 1087 812 ornnes

168 851 224 914 tibi
239 851 322 930 deos,
339 868 399 912 uon
415 867 518 911 ornnes
533 848 669 912 homines
688 868 754 912 esse
767 849 906 911 inimicos
920 857 948 911 et
961 849 1087 910 futuros

170 950 268 1012 soias‘l
281 948 319 1011 At
334 965 423 1030 quam
436 948 599 1009 insolenter
615 946 712 1008 statim
729 945 829 1010 helluo
844 947 951 1008 invasit
966 945 998 1019 iu
1015 947 1088 1025 ejus

169 1047 226 1109 viri
252 1047 387 1108 fortunas
415 1046 500 1126 eujus
528 1045 638 1106 virtute
666 1043 831 1106 terribilior
860 1050 923 1107 erat
950 1043 1087 1126 populus

172 1145 322 1207 Romanus
338 1142 445 1203 exteris
461 1141 609 1220 gentibue,
631 1140 747 1222 justitia
768 1142 876 1204 carior.
1122 1181 1123 1264 p

211 1238 327 1303 XXVII.
342 1239 375 1302 ln
390 1239 454 1320 ejus
465 1239 556 1318 igitur
566 1238 626 1300 ‘viri
640 1241 742 1320 copias
754 1258 822 1304 oum
834 1259 865 1301 se
876 1236 1087 1318 subitoiogur-

173 1334 306 1414 gitasset‚
324 1331 491 1397 exsultabat
513 1331 622 1412 gaudio
642 1351 773 1414 persona
789 1333 826 1394 de
840 1331 950 1393 nrirno²
963 1351 978 1393 a
992 1333 1085 1393 modo

132 1507 135 1512 ¹
173 1450 274 1511 egens,
286 1437 407 1511 repento
421 1430 503 1492 dives
515 1449 544 1492 o.
555 1428 625 1507 Sed,
637 1439 670 1492 ut
683 1439 728 1492 est
739 1430 819 1511 opud
831 1430 967 1512 poetaml
980 1431 1084 1491 nescio

174 1548 274 1610 quern,
291 1549 306 1590 «
323 1529 399 1590 male
416 1537 502 1609 parta
524 1529 601 1589 rnale
627 1527 801 1590 dilabuntur
815 1547 844 1590 o.

214 1628 263 1688 66.
280 1624 458 1688 Incredibile
471 1645 505 1686 ao
521 1625 619 1688 simile
633 1627 764 1707 portenti
777 1633 833 1700 est,
848 1644 979 1706 quonam
994 1625 1082 1688 modo

174 1723 298 1785 illatam
315 1724 417 1801 multa,
435 1742 524 1804 quarn
544 1723 659 1804 paucis,
680 1743 739 1785 non
760 1723 825 1785 dion
840 1724 1005 1802 mensibus
1027 1724 1080 1786 sed

176 1820 281 1883 diebus
294 1821 443 1905 eliud-erit.
463 1821 610 1884 Maximus
620 1821 680 1884 vini
697 1821 859 1884 numerus¹
876 1819 943 1900 luit,
963 1840 1082 1902 perura-

176 1936 267 1998 gnum
282 1917 385 1998 optimi
401 1919 518 1998 pondus
534 1921 681 1998 argentit,
697 1919 828 2001 pretiosa
847 1919 970 1999 vestis³2
990 1920 1082 1980 multo

178 2023 207 2077 et
220 2016 300 2098 lauta
320 2015 453 2095 supellex
472 2024 503 2078 et
523 2018 681 2096 magnifica
706 2017 808 2080 multis
822 2016 930 2096 loolsl,
948 2035 1006 2078 non
1029 2017 1081 2078 illa

178 2111 299 2194 quideni
319 2112 463 2175 luxuriosi
486 2114 629 2195 homiuis,
654 2117 708 2178 sed
727 2123 830 2178 tamen
858 2113 1078 2178 abundantis⁵z

177 2210 288 2272 horum
310 2212 414 2294 paucis
438 2212 547 2275 diebus
562 2212 638 2275 nihil
654 2221 728 2278 erat.

207 2426 251 2470 ltu.
278 2427 298 2471 l.
328 2431 373 2474 leto
401 2433 447 2476 toro
471 2436 551 2478 notos.
579 2433 608 2476 Sa

181 2489 302 2541 unisonae,
322 2505 345 2533 sn
366 2493 467 2538 noblesse
491 2497 559 2538 auralt
582 2496 610 2538 dt

181 2551 313 2604 l'eropdohor
321 2553 347 2595 da
356 2554 443 2597 devenir
455 2557 572 2610 acqure'reur
584 2557 610 2601 do

182 2612 244 2655 biens
256 2613 381 2668 oondsques.
396 2639 423 2648 «-
434 2617 455 2660 t.
470 2621 570 2663 Persona
584 2623 610 2663 de

182 2676 257 2719 mano.
277 2675 371 2720 Antoine
390 2685 424 2722 ast
443 2681 536 2724 uomitu
557 2682 611 2726 lun

183 2749 318 2792 personnage
331 2739 359 2782 do
368 2741 466 2784 comedia
475 2743 556 2786 devenu
566 2749 611 2786 tout

183 2797 258 2854 dooup
270 2799 335 2844 riche.
349 2802 377 2845 ha
386 2803 517 2858 prepositlou
528 2808 555 2850 de
569 2811 612 2849 sert

184 2861 301 2905 souvontd
320 2877 417 2918 marquer
433 2867 453 2909 la
473 2869 532 2922 place
549 2870 611 2924 qu'on

184 2935 270 2977 ooaupo,
286 2925 385 2970 l'eudroit
398 2927 425 2970 orl
443 2930 485 2972 l'ou
503 2944 526 2974 so
540 2933 609 2974 tient:

184 2984 274 3038 uruat·
289 2989 315 3031 de
330 2995 398 3041 ponte
419 2991 531 3048 (Juvenal),
551 2995 613 3048 quel-

185 3045 247 3100 qu’un
259 3046 287 3090 du
301 3057 360 3104 pout,
372 3065 400 3096 un
418 3055 537 3107 meodiant3
552 3058 612 3100 not-

186 3109 241 3152 atus
254 3112 330 3155 nereio
345 3116 385 3166 pot
402 3117 428 3158 de
439 3118 499 3161 otroo
513 3119 612 3162 maimo

665 2431 770 2488 (Ciceront
778 2447 784 2487 ;
791 2433 887 2488 ourtsco
898 2433 924 2478 cte
933 2435 969 2478 oto
980 2441 1051 2477 tuero
1059 2456 1084 2464 -

663 2495 683 2538 3.
715 2497 812 2540 Poetam.
844 2497 899 2540 c‘est
930 2495 967 2539 Gu't
997 2495 1083 2546 Nestus,

664 2557 727 2614 poete
748 2558 885 2613 drumathuo‚
906 2562 961 2600 mort
980 2570 1026 2600 vers
1046 2557 1084 2601 199

665 2633 698 2663 av.
712 2621 768 2666 lec.

691 2689 734 2726 ⁸8.
762 2685 781 2728 l.
802 2685 853 2728 Vini
867 2690 984 2732 ausurus,
1006 2694 1083 2726 comme

665 2759 691 2787 ou
703 2747 734 2788 dlt
745 2746 801 2788 aussi
814 2756 923 2788 numerus
943 2745 1020 2794 tritior,
1034 2747 1082 2795 olet,

665 2810 710 2861 tici.
716 2808 793 2851 hordei
802 2805 867 2861 (Ges.
882 2803 937 2851 nott.
947 2806 1001 2859 illu,
1011 2805 1081 2860 tl).-

664 2871 685 2914 2.
700 2871 799 2923 Ardenti,
806 2869 937 2924 argentone.
945 2893 971 2900 —
982 2869 1000 2911 3.
1009 2870 1081 2920 Vettio,

666 2930 763 2986 suppleas
776 2933 887 2984 strooota.
898 2931 960 2987 lapis.
968 2955 993 2962 —-
1003 2931 1022 2972 t.
1029 2932 1081 2974 ilat*

666 2995 765 3043 ttatoeta
787 3006 812 3035 en
834 2993 914 3050 grande
929 2993 1003 3049 partio.
1022 3015 1046 3024 -
1060 2995 1080 3036 5.

666 3057 815 3106 theodomir,
828 3057 897 3100 riolra.
908 3059 937 3100 ln
947 3055 1081 3112 patraouolua

667 3118 765 3174 plusturd
775 3117 787 3160 l
805 3119 910 3164 lllotuuur
918 3124 976 3164 entra
986 3117 1078 3167 Annine,
