2284 3496
313 200 482 250 uulturio-t
500 200 644 260 SECUNDA,
662 201 701 262 tv,
719 200 742 250 9.
945 197 975 249 27

64 333 190 396 quoque
216 322 246 378 te
262 315 414 402 *disertum
438 316 560 398 putabo,
582 317 608 378 si
632 315 799 380 ostenderis
827 315 975 398 quomodo

64 413 113 492 sis¹
129 431 182 475 eos
196 413 276 476 inter
296 413 441 476 sicarios‘
456 409 634 478 defensurus
649 433 657 475 ε
670 447 709 460 -
722 415 775 476 sed
795 413 867 494 quid
881 431 976 496 oppo-

65 529 122 572 nas
137 511 268 588 tandem,
282 512 308 573 si
323 530 428 591 negem
449 531 496 574 me
511 530 645 593 unquam
659 511 698 573 ad
719 519 749 574 te
766 511 839 574 istas
861 511 976 573 litteras

65 607 210 670 misisse?
224 608 289 682 Quo
304 629 351 671 me
370 617 447 672 teste
462 609 641 674 convincas?
655 629 692 672 an
708 608 925 691 chirographo?
943 609 975 670 in

65 723 128 786 quo
153 705 244 768 habes
271 707 425 768 scientiam
448 697 678 788 quaestuosam5.
702 707 758 780 Qui
771 707 889 788 possis?
906 714 976 768 sunt

66 803 151 864 enim
170 803 287 865 librarii
301 825 403 867 manu.
418 805 483 868 Jam
498 804 616 867 invideo
630 805 791 884 magistro⁸
807 811 870 876 tuo,
882 803 934 884 qui
947 811 976 866 te

64 907 151 962 tanta
166 902 303 965 mercede
313 903 335 982 i,
348 910 488 984 quantam
501 904 563 983 jam
580 903 742 985 proferam,
769 901 844 964 nihil
869 919 975 983 sapere

67 997 187 1062 doceat.

108 1097 139 1158 9.
156 1097 234 1171 Quid
243 1099 322 1160 enim
337 1106 381 1162 est
396 1099 496 1162 minus
509 1117 568 1160 non
582 1098 649 1161 dieo
661 1099 799 1177 oratoris,
811 1097 864 1160 sed
877 1097 976 1159 homi-

68 1195 128 1273 nis,
150 1213 239 1275 quam
255 1196 286 1257 id
299 1196 429 1276 objicere
447 1197 628 1275 adversario,
651 1198 732 1278 quod
752 1197 804 1259 ilie
825 1196 867 1258 si¹
887 1194 976 1257 verbo

67 1292 198 1370 negarit,
214 1293 331 1370 longius
353 1295 490 1374 progredi
513 1314 571 1356 non
586 1295 681 1376 possit
694 1296 746 1376 qui
763 1293 926 1376 obiecerit?
938 1293 977 1356 At

68 1406 126 1466 ego
138 1406 198 1450 non
212 1407 299 1468 nego,
316 1397 404 1471 teque
419 1391 450 1452 in
473 1392 530 1453 isto
553 1391 620 1473 ipso
642 1393 787 1454 convinco
809 1410 868 1452 non
883 1389 978 1451 inhu-

69 1486 221 1549 manitatis
237 1488 346 1566 solum,
366 1488 522 1551 sedetiam
539 1489 689 1552 amentiae.
707 1488 792 1563 Quod
815 1487 894 1549 enim
908 1505 979 1550 ver-

69 1582 141 1645 bum
156 1585 187 1645 in
206 1585 272 1648 istis
291 1585 397 1648 litteris
412 1595 456 1648 est
477 1607 536 1648 non
552 1589 673 1668 pienum
688 1585 892 1663 humanitatis,
912 1585 978 1646 ossi-

68 1681 120 1759 eii‚
137 1681 371 1746 benevolentiae‘?
383 1683 478 1747 Omne
490 1693 589 1747 eutem
602 1685 735 1748 eriman’
748 1691 835 1747 tuum
846 1683 978 1765 estquod

69 1779 150 1841 dete
165 1780 197 1841 in
219 1780 267 1843 his
282 1782 410 1845 litteris³
427 1801 485 1844 non
501 1784 580 1846 male
596 1783 776 1862 existimem,
796 1781 875 1865 quod
903 1782 979 1842 seri-

70 1876 189 1938 bebam⁴
205 1887 345 1960 tanquam
357 1880 395 1942 ad
411 1880 516 1956 civem,
532 1890 671 1962 tanquam
688 1881 725 1943 ad
740 1880 853 1943 bonum
868 1878 978 1962 virum,

71 1992 131 2036 nou
145 1982 287 2057 tanquam
307 1978 344 2040 ad
363 1977 542 2041 sceleratum
562 1987 591 2042 et
605 1981 762 2042 latronem.
785 1977 824 2039 At
838 1994 894 2055 ego
912 1983 979 2039 tuas

71 2225 91 2269 i.
105 2223 374 2280 interstcariosdquivaut
383 2223 427 2268 din
434 2226 498 2278 judi·

72 2290 105 2332 ct'o
115 2290 175 2332 inter
183 2288 288 2337 sicarios,
302 2286 356 2330 dans
371 2300 413 2330 une
424 2285 498 2330 etiaim

72 2351 201 2393 d'nseaasins.
229 2372 257 2380 -
284 2351 304 2392 5.
333 2350 498 2404 Quaestcccam.

73 2413 129 2456 G'cst
146 2424 188 2454 une
211 2412 302 2455 allusion
319 2425 359 2454 aux
377 2413 498 2456 documento

73 2473 176 2529 iabriquds
203 2487 242 2530 par
265 2475 365 2527 Antoine,
392 2487 445 2530 pour
473 2487 497 2518 ee

74 2548 170 2592 procurer
188 2535 307 2580 d'dnormec
329 2548 421 2580 sommas
438 2537 497 2579 d’ar·

74 2603 130 2654 geni.
153 2599 170 2642 11
197 2599 266 2653 parcit
297 2610 335 2654 par
358 2611 383 2640 cc
408 2610 497 2654 passage

74 2661 196 2714 qu'dntoinc
217 2659 324 2704 lui-meme
341 2661 407 2703 serait
425 2661 498 2702 imiter

75 2723 104 2765 im
125 2721 236 2767 deriturcs.
255 2745 282 2756 ·-
300 2723 321 2767 6.
343 2723 456 2778 deputo-o,
477 2723 498 2765 ie

76 2784 156 2828 rireteur
170 2785 245 2829 Sextus
254 2786 349 2830 Giodiue.
364 2809 391 2817 -
405 2785 424 2828 Ἰ.
438 2787 498 2828 itcr-

77 2849 131 2890 eede.
143 2847 161 2889 lt
176 2847 244 2890 donna
260 2846 272 2889 i
286 2859 325 2890 son
342 2847 416 2890 maitro
429 2845 497 2888 d'dlo-

78 2920 152 2962 qnencc
164 2907 219 2952 deux
235 2909 295 2952 mille
310 2916 398 2964 arpenta
411 2909 439 2951 du
452 2914 497 2950 ter-

78 2971 148 3012 ritoire
160 2969 258 3021 Leontio,
272 2971 388 3014 affranchis
400 2971 427 3012 do
439 2975 498 3013 touto

78 3027 194 3076 rocenno'e.

101 3101 126 3138 υ.
147 3095 165 3137 i.
188 3095 249 3148 Quod
265 3096 305 3138 iiic
322 3097 351 3139 ti.
367 3097 499 3150 Rcmarquea

79 3163 130 3203 cette
153 3157 298 3200 construction
322 3157 358 3212 qui
380 3157 451 3202 rduuit
471 3169 499 3201 tut

553 2223 628 2268 relatii
641 2229 663 2268 ct
680 2237 720 2268 unc
733 2225 872 2282 conjonction
891 2226 943 2270 dens
959 2227 980 2270 la

553 2287 621 2329 memo
640 2287 771 2342 proposition
790 2289 981 2332 sniumundo.-

552 2349 573 2392 2.
587 2349 676 2393 Crimen
688 2349 749 2404 (dans
766 2350 786 2393 te
799 2362 851 2394 ceos
870 2351 979 2407 primati),

551 2412 679 2462 accusation,
691 2412 801 2465 reproche.
810 2435 836 2445 —
846 2411 868 2456 3.
879 2414 978 2457 titteris.

553 2473 650 2516 taiettre
657 2472 684 2516 de
695 2471 784 2516 Gicdron
793 2479 825 2518 cst
834 2488 877 2518 uno
887 2475 978 2530 ripense

552 2535 598 2578 trec
616 2535 672 2591 poiie
686 2541 708 2578 et
724 2536 837 2580 amicalci
856 2549 897 2580 unc
913 2537 981 2581 lettre

552 2597 673 2650 d'Antoine,
694 2597 729 2652 qui
746 2599 776 2641 lui
795 2598 918 2642 demandati
940 2612 979 2642 sou

552 2663 713 2702 consentement
734 2673 762 2702 au
786 2661 859 2714 nppei
880 2662 907 2702 de
930 2660 978 2704 Sex.

551 2721 644 2772 Clodius,
659 2735 687 2764 en
700 2721 773 2764 disant
790 2735 830 2777 quc
844 2720 910 2766 θέειν
923 2723 980 2765 avait

552 2781 628 2826 decide
646 2783 673 2826 de
696 2784 717 2826 lc
740 2784 842 2838 ruppeier.
864 2785 905 2827 Les
926 2784 980 2826 deux

551 2845 627 2887 lettres
644 2849 681 2887 ont
698 2844 732 2888 ete
743 2844 876 2896 conservem,
889 2848 918 2890 od
928 2847 979 2894 itt..

552 2908 607 2958 xiv,
627 2907 660 2950 i3.
680 2929 707 2940 ·-
724 2907 745 2949 i.
770 2907 831 2959 Quod
853 2909 980 2950 existimem

552 2968 681 3023 comcepond
702 2968 714 3010 d
733 2970 790 3021 quod
809 2971 943 3020 scribebam
958 2970 979 3010 io

552 3031 648 3087 premier
665 3029 730 3073 motii
747 3033 782 3073 est
800 3029 883 3074 dnoncd
897 3043 979 3074 commo

552 3093 653 3148 l'opinion
675 3093 800 3145 d'Antoinc,
819 3093 866 3136 d'oir
885 3094 905 3136 io
925 3093 979 3136 sub-

551 3155 641 3212 J'onctiia
653 3156 674 3198 le
691 3155 779 3206 mend,
793 3167 875 3199 conrme
887 3155 941 3200 celle
952 3153 979 3196 de
