2284 3496
129 141 161 194 88
333 143 509 194 PHILIPPICA
525 145 668 208 SECUNDA,
687 147 768 208 tutu,
787 147 826 198 73.

129 267 194 322 tum
207 257 384 322 obtinuisti?
395 278 454 341 quo
473 277 598 324 numero
613 260 716 325 luisti‘l
731 262 842 346 Cujus⁸
854 274 887 329 to
900 267 1033 348 impera·

128 357 203 420 toris
234 363 364 438 quaestor
397 357 510 436 lueres,
538 357 690 423 dictatoris
716 361 860 442 magister
884 365 1032 446 equitum,

128 453 199 523 belli
214 455 366 536 princeps,
382 455 568 518 crudelitatis
581 465 694 530 auctor,
717 460 825 540 preedae
845 461 956 539 socius,
972 470 1034 524 tes-

129 559 271 630 tamento,
284 560 321 626 ut
340 551 460 616 dicebas
475 554 550 634 ipse,
569 554 649 618 filius
661 555 684 628 ⁹,
698 557 865 638 appellatus
877 577 910 622 es
923 559 960 621 de
975 579 1046 640 pe·-

128 651 263 729 euuia¹⁰,
286 670 376 732 quatu
397 669 451 733 pro
476 651 577 730 demo,
593 671 647 734 pto
666 653 772 731 hortis,
788 675 844 737 pro
865 657 995 720 seetioue
1007 659 1030 694 ¹¹

127 749 268 812 debebas.
1004 781 1006 786 v

168 847 217 912 tu.
241 848 343 912 Prituo
365 847 544 930 respondisti
566 849 655 932 plone
677 850 816 913 ferociter
841 858 881 930 et,
904 871 942 915 ue
965 871 1033 915 om·

127 945 177 1008 uia
202 946 303 1008 videar
327 953 432 1008 eontra
460 955 500 1024 te,
529 947 745 1029 propemodum
775 967 860 1030 aequa
892 958 921 1011 et
946 951 1032 1030 justa

126 1045 266 1108 dicebas:
284 1065 299 1106 u
312 1045 338 1108 A
350 1063 398 1108 me
409 1043 442 1108 G.
457 1043 556 1108 Caesor
568 1046 746 1126 pecuniam?
760 1053 816 1108 'eur
825 1047 926 1128 potius
940 1067 1028 1130 quatu

125 1162 180 1222 ogo
192 1143 228 1204 ab
244 1143 318 1204 ittot
334 1161 373 1204 uu
388 1141 452 1204 siue
466 1160 514 1204 me
529 1141 580 1204 ille
594 1143 682 1206 vicit‘l
695 1151 725 1206 at
736 1162 773 1206 ne
787 1146 884 1226 potuit
895 1146 1028 1228 quidem.
1125 1165 1126 1232 ἐ

125 1238 188 1318 ligo
201 1239 240 1302 ad
256 1239 341 1302 illum
354 1237 424 1300 belli
438 1235 533 1300 civilis
547 1256 666 1300 causatu
681 1241 778 1318 attuli,
794 1259 847 1320 ego
863 1241 943 1320 leges
960 1249 1030 1322 per'-

126 1336 256 1400 uieioses
274 1336 408 1414 rogavi¹,
421 1354 475 1414 ego
491 1353 575 1399 ortuo
593 1335 698 1398 eontra
719 1339 858 1401 eonsules
875 1337 1032 1421 imperato-

126 1452 235 1516 resque
252 1432 353 1516 populi
376 1433 516 1506 Romani,
540 1441 644 1495 contra
665 1441 803 1498 senatum
830 1437 1030 1519 populumque

125 1524 303 1606 Bouianum,
315 1537 418 1594 eontra
432 1529 503 1592 deos
517 1530 628 1611 pallios
644 1549 772 1612 erasque
783 1538 812 1592 et
823 1531 915 1610 locos,
927 1543 1030 1598 eontra

126 1629 253 1710 petriam
266 1628 332 1689 tuli.
352 1627 428 1692 Num
450 1627 508 1690 sibi
524 1628 580 1690 soli
600 1627 691 1690 uicit?
706 1627 837 1700 Quorum
852 1631 969 1694 lacinus
984 1640 1031 1696 est

124 1742 293 1802 commuue,
308 1743 362 1788 cur
376 1742 434 1789 uon
449 1725 488 1786 sit
503 1743 607 1787 eorum
621 1725 720 1806 proedo
733 1728 922 1790 eommunis?
937 1749 953 1790 o
974 1728 990 1792 J
995 1748 1028 1791 us

126 1822 308 1905 postulabas,
320 1823 376 1884 sed
390 1822 462 1903 quid
476 1823 513 1884 ad
525 1822 610 1884 retn‘i
622 1821 689 1902 plus
704 1822 755 1884 ille
770 1832 894 1902 poteret.
1125 1891 1126 1902 p

165 1911 213 1972 73.
232 1911 347 1992 Itaque,
364 1911 495 1974 excussis
508 1911 567 1972 tuis
578 1909 712 1988 uocibus,
726 1918 757 1972 et
771 1910 808 1973 etl
822 1919 851 1972 te
861 1913 935 1974 etad
949 1931 1031 1994 prae·
1125 1903 1126 1916 ¹

125 2007 178 2072 des
191 2015 257 2070 tuos
273 2007 383 2070 milites
397 2008 489 2086 misit,
506 2025 575 2069 eum
590 2015 714 2088 repente
735 2027 753 2069 a
772 2017 800 2070 te
813 2009 959 2096 preclara
973 2010 1027 2072 illa

123 2104 241 2170 tubula¹
258 2106 374 2188 prolata
392 2114 449 2168 est.
472 2105 528 2178 Qut
544 2105 623 2167 risus
639 2105 812 2170 homiuum!
832 2113 943 2171 tentam
959 2125 1025 2170 esse

123 2203 265 2282 tabulam,
281 2211 342 2266 tam
352 2203 459 2282 varias,
478 2210 540 2266 tam
552 2204 660 2268 multas
676 2205 893 2292 possessiones,
908 2223 944 2266 ex
956 2203 1026 2285 qui-

123 2477 351 2532 renduodjudleatuire
359 2478 434 2532 (etue,
442 2479 499 2528 Aut..
506 2476 548 2531 to).
601 2475 736 2534 t'oxpedttion
746 2477 864 2533 d’ulrique,
873 2477 926 2520 mois
935 2478 956 2520 lo
964 2491 1028 2534 poye-
1125 2493 1126 2516 t

124 2564 150 2573 -
163 2540 186 2584 8.
204 2541 273 2593 cujus
291 2551 303 2582 u
317 2551 370 2594 pour
387 2538 510 2582 antecedent
520 2540 548 2582 ul
602 2544 661 2582 mont
678 2539 717 2582 cles
734 2540 797 2583 hiens
818 2541 844 2582 du
865 2539 957 2595 Pompelo
970 2541 1026 2586 avait

123 2615 156 2653 eo,
171 2603 206 2658 qui
217 2607 250 2646 eet
264 2600 422 2644 sous-entoudu
442 2613 492 2644 uveo
507 2611 549 2652 up·
601 2599 649 2654 dejl
658 2599 802 2646 &tedemondi
813 2606 953 2657 uuperuveut;
962 2601 1026 2646 cesar

122 2667 222 2718 peilatus
236 2675 267 2714 ee,
285 2663 319 2717 qui
337 2662 386 2705 suit.
398 2684 425 2693 -
435 2660 456 2704 9.
470 2663 547 2704 Filius.
602 2675 652 2706 suus
666 2662 729 2708 doute
743 2663 818 2707 insisto
835 2667 950 2718 outontoge
963 2663 1026 2718 apres

123 2728 214 2782 Autotuo
234 2739 257 2769 se
273 2725 361 2767 donnoit
379 2735 429 2766 saue
446 2723 508 2766 doute
524 2735 548 2766 eo
601 2737 640 2767 sou
658 2729 740 2768 totoue,
762 2749 789 2758 -·
807 2726 840 2768 ll.
865 2727 909 2768 Pro
929 2727 1027 2768 tectione

124 2801 173 2832 nom
184 2799 296 2843 parceque
311 2784 454 2830 Cosuri’avuit
464 2783 547 2828 nomme
602 2786 718 2841 compreud
740 2798 782 2839 pro
798 2789 869 2836 domo,
882 2797 924 2840 pro
941 2787 1011 2830 uortte

124 2863 163 2895 oon
184 2849 281 2900 herttier,
306 2847 406 2890 idelout
427 2847 454 2889 do
475 2845 548 2890 Pheri-
601 2849 991 2901 donozpourtoutet'aojuttoattou.

124 2914 168 2956 tior
181 2908 510 2965 priuctpul.Vop.1ntrod.,flill.
521 2930 547 2938 —
562 2921 564 2925 ·
628 2913 669 2952 π.
685 2909 704 2952 l.
718 2911 810 2962 llopaul,
820 2921 901 2952 eoutme
912 2909 984 2952 tribuo
997 2908 1025 2952 do

123 2973 159 3018 1⁰.
186 2974 316 3026 Appellatus
339 2983 362 3016 ee
389 2972 415 3015 de
436 2973 543 3026 pecunia.
598 2970 699 3026 lnpteho.

125 3034 325 3090 Geeieotpreseute
334 3031 547 3076 eommouneoonee·
628 3037 671 3076 ΙΙ.
689 3037 709 3076 t.
733 3034 824 3082 Polluta.
843 3033 919 3079 ulltehe
932 3047 960 3078 ou
975 3035 1027 3078 iloto

124 3107 205 3154 quoue·
223 3097 250 3140 te
270 3095 377 3142 tomo
398 3093 510 3140 d'Autotue
533 3091 547 3138 t
600 3093 639 3140 dee
652 3093 849 3150 utensqu’tutotno
862 3097 903 3140 uuit
915 3108 943 3140 on
954 3100 1025 3148 vene,
1085 3115 1089 3124 ·
