2284 3496
28 3207 41 3244 b

337 155 503 227 rnnnnnnn
521 175 665 233 suenum,
681 173 741 230 nn,
759 173 797 221 ra.
980 169 1010 215 m

98 303 189 372 esset,
218 295 248 354 in
274 294 347 356 clive
370 290 534 372 Capitolino
557 309 615 350 nun
634 289 716 350 luit?
729 288 797 369 quis
813 305 922 348 numen
946 304 1005 346 nun

23 392 28 399 “
98 390 220 451 dedit2‘l
242 407 408 470 quanquam
422 405 478 450 uec
490 387 595 448 scriba
610 385 749 446 sulficere
764 403 820 447 nee
836 383 942 445 tabula
957 401 1008 441 nn·

99 487 181 548 mina
195 486 314 549 illerum
335 503 440 566 capere
455 490 626 569 potuerunt.

141 586 189 646 ll.
212 583 329 646 Etenim
352 602 421 644 eum
441 581 576 643 homines
604 579 712 642 nelarii
739 581 775 642 de
792 581 894 661 patriae
910 585 1008 663 parri-

99 681 178 744 cidio
193 682 414 756 confiterentur,
439 679 629 740 consciorum
652 677 784 755 indiciis,
809 697 863 738 sua
883 697 973 742 rnanu
983 683 1005 758 ¹,

98 797 171 841 voce
186 795 269 859 paene
296 777 463 839 litterarum
490 775 598 852 eoacti,
622 793 654 836 se
676 774 782 836 urbem
806 776 1002 854 inflammare,

97 875 178 936 cives
193 875 352 951 trucidare,
369 881 487 936 vastare
504 871 633 945 ltaliam,
659 872 758 934 delere
773 889 838 932 rem
854 873 1003 952 publicam

99 973 318 1048 consensisset
347 971 414 1051 quis
440 980 518 1032 esset
540 969 592 1050 qui
619 967 799 1030 adsalutem
820 986 1009 1033 communem

99 1069 319 1132 defendendam
340 1087 400 1130 nun
420 1065 621 1129 excitaretur?
644 1067 808 1147 prasertim
829 1085 895 1128 cnm
918 1086 1007 1129 sena-

97 1177 146 1229 tus
162 1167 349 1249 populusque
364 1166 516 1228 Romanus
538 1163 662 1226 baberet
683 1163 821 1240 dueem³,
850 1163 945 1244 qualis
961 1166 1007 1227 si*

99 1265 246 1345 quinune
259 1270 349 1339 esset,
363 1261 416 1322 tibi
429 1262 509 1324 idem
524 1261 604 1343 quod
623 1259 683 1322 illis
698 1261 806 1322 accidit
821 1262 1004 1340 contigisset.

98 1395 140 1406 -
165 1359 211 1421 lld
227 1359 411 1439 sepulturam
427 1375 535 1436 eorpus
551 1357 649 1418 vitrici
676 1357 722 1417 sui
739 1364 825 1434 negat
852 1376 931 1420 ame
954 1359 1008 1421 da-

99 1464 172 1518 tum.
198 1455 260 1517 Hoc
285 1472 355 1516 vero
378 1471 415 1515 ne
430 1453 555 1535 Publius
577 1453 699 1532 quidem
721 1451 842 1515 Clodius
860 1453 931 1515 dixit
953 1475 1009 1515 nu-

98 1572 188 1634 quam
205 1573 212 1613 :
228 1551 276 1614 cui
296 1551 366 1632 quia
379 1551 448 1631 jure
464 1550 606 1612 inimicus
621 1549 676 1626 lui,
687 1549 775 1611 doleo
791 1568 808 1611 a
823 1558 850 1612 te
868 1552 1008 1613 omnibus

99 1650 179 1712 vitiis
196 1669 264 1712 eum
281 1667 348 1712 esse
363 1655 548 1729 superatum.

140 1750 189 1810 18.
221 1749 278 1822 Qui
299 1756 399 1809 autem
430 1746 485 1808 tibi
506 1748 588 1809 venit
615 1748 646 1808 in
666 1755 798 1809 mentem
819 1750 958 1826 redigere
976 1749 1008 1809 in

100 1847 278 1910 memoriam
301 1853 433 1914 nostram
461 1853 490 1906 te
512 1844 592 1906 domi
616 1845 649 1906 P.
672 1844 790 1906 Lentuli
809 1864 874 1907 esse
899 1847 1008 1908 eduea-

99 1943 182 2005 tum?
206 1945 250 2005 An
273 1943 415 2005 verebare
436 1960 473 2004 ue
497 1959 557 2002 uon
587 1948 760 2022 putaremus
780 1950 887 2004 natura
908 1950 937 2004 te
953 1963 1008 2025 po-

100 2041 194 2104 tuisse
212 2049 272 2102 lam
299 2039 468 2121 improbum
485 2037 623 2114 evadere,
646 2039 705 2100 nisi
723 2040 899 2102 accessisset
916 2041 1007 2101 etiam

101 2135 297 2213 disciplina¹l

145 2231 224 2296 Vlll.
254 2232 325 2292 Tam
353 2239 451 2292 autem
488 2248 555 2291 eras
591 2248 693 2292 excors
721 2239 753 2293 ut
781 2239 841 2294 tota
873 2233 906 2292 in
939 2251 1008 2293 ora-

102 2329 202 2390 tione¹¹
218 2337 270 2389 tua
286 2336 385 2389 tecum
398 2328 462 2408 ipse
477 2343 638 2407 pugnares,
662 2345 721 2387 nun
735 2329 823 2390 medo
839 2347 898 2390 nun
915 2330 1009 2392 cobae-

102 2425 199 2487 rentia
211 2425 292 2487 inter
304 2444 336 2486 se
350 2425 477 2498 diceres,
487 2426 539 2488 sed
553 2424 681 2488 maxime
694 2424 829 2504 dijuncta
841 2434 928 2508 atque
939 2445 1010 2488 con-

102 2523 202 2596 traria,
220 2529 252 2582 ut
278 2540 336 2583 non
361 2529 444 2583 tanta
466 2531 582 2585 meeum
605 2530 716 2614 quauta¹
737 2517 792 2584 tibi
814 2530 912 2586 tecum
931 2531 1009 2585 esset

583 2687 660 2730 meme.
680 2711 704 2718 —
718 2686 739 2728 l.
756 2688 834 2740 Qualia
853 2690 882 2730 at.
895 2689 949 2742 Voy.
963 2687 1008 2743 39,

584 2755 633 2790 nete
645 2749 664 2790 l.

101 2688 203 2732 esulanus.
215 2710 241 2718 -
250 2686 270 2730 2.
284 2688 366 2731 Nomen
381 2688 447 2729 dedit.
462 2687 489 2728 lls
504 2699 527 2728 se

101 2750 162 2792 litent
189 2749 280 2791 inserire
304 2759 356 2802 pour
382 2748 462 2790 tormer
484 2759 527 2789 uua

102 2811 164 2866 garde
182 2810 208 2851 da
220 2808 303 2852 stlretd.

128 2877 170 2914 n.
184 2871 203 2913 l.
218 2872 266 2914 Sua
275 2881 352 2920 manu.
367 2870 415 2912 lsnr
425 2868 525 2912 desitura.

103 2934 149 2976 -2
156 2934 210 2976 se...
216 2934 364 2981 eoaaaemtaee,
373 2930 494 2986 dependant
501 2931 527 2973 tle

103 2995 268 3047 contemnam.
276 2994 373 3048 euplique
383 2998 404 3036 at
411 2992 528 3046 dtveloppe

102 3055 162 3099 l'ldda
174 3054 279 3106 exprimee
289 3067 328 3110 par
337 3057 363 3097 de
374 3056 456 3108 patrie
473 3065 528 3107 pur-

103 3118 188 3161 rlttdto.
198 3137 223 3146 ·-
246 3115 266 3156 3.
281 3118 371 3165 Ducem.
384 3115 476 3178 Giedrou'
485 3115 528 3158 lui-

177 3186 299 3234 nsnruiens
312 3198 481 3243 rnrmrrmun.

608 2814 652 2852 18.
663 2810 682 2852 l.
695 2813 831 2864 disciplina.
847 2811 900 2864 Voy.
916 2809 1009 2861 lutred„

582 2869 629 2923 fil.
641 2872 698 2913 -Ξ,
712 2873 818 2916 Orattnm
829 2871 1008 2920 maledimours

582 2943 620 2984 par
627 2931 694 2985 lequel
705 2933 720 2974 il
726 2931 822 2986 rdpondit
830 2933 849 2974 le
857 2931 883 2975 lt
889 2934 1009 2988 septembre

581 3004 607 3034 an
633 2995 725 3046 premier·
744 2994 839 3036 dimotus
859 2994 885 3036 de
909 2995 1006 3045 cretton,

582 3055 689 3109 prouuued
707 3055 728 3098 le
743 3055 757 3098 2
772 3057 894 3110 septembre
912 3070 938 3098 un
957 3056 1009 3099 l'ab·

582 3128 646 3160 rencs
656 3117 778 3161 d'nntoiua.
787 3118 839 3172 vop.
847 3118 940 3168 lun-od..
954 3117 1006 3172 alb,

868 3186 884 3236 3
