2284 3496
307 255 479 312 annulorum
496 225 643 318 saeuum,
660 259 705 316 xc,
722 257 776 310 roa.
953 260 985 310 ee

87 387 155 442 ante
170 379 343 441 deduxerat.
362 373 556 438 Consuluisti'
567 391 617 437 rue
631 363 815 455 perlitteras
841 376 878 438 de
893 375 993 458 Capua

86 487 118 540 tu
134 477 254 558 quidem
265 476 288 553 ²,
303 474 356 536 sed
368 464 454 535 idem
464 471 502 534 de
516 469 644 534 Casilino
659 473 881 554 respondissem
899 495 906 535 :
922 493 993 556 pos-

85 593 172 638 sesne
183 575 205 650 θ,
220 573 271 635 ubi·
290 573 407 634 colonia
425 575 514 646 esset,
531 585 566 630 eo
581 569 729 636 coloniam
742 589 847 633 novam
857 573 925 652 jure
939 573 992 634 de-

85 672 207 735 ducere.
222 670 330 750 Negavi
345 669 377 730 in
396 685 462 730 eam
481 667 640 744 coloniam,
655 687 722 748 quae
746 677 825 731 esset
839 671 992 751 auspicato

84 771 224 847 deducta,
240 769 312 830 dum
329 774 408 830 esset
433 765 605 844 incolumis,
633 766 779 828 coloniam
800 785 905 828 novam
923 769 992 850 jure

83 869 191 931 deduci
209 888 215 929 :
230 866 351 930 colonos
366 882 457 926 novos
470 862 601 924 adscribi
614 881 700 944 posse
713 865 866 946 rescripsi.
884 865 927 927 lu
942 883 993 926 au-

82 974 142 1029 tem
159 965 319 1029 insolentia
335 963 440 1038 elatus,
462 960 543 1022 omni
564 961 766 1042 auspiciorum
777 964 847 1044 jure
862 962 991 1040 turbato,

13 1129 15 1134 ,
84 1063 247 1128 Casilinum
268 1059 417 1124 coloniam
432 1057 593 1133 deduxisti,
612 1077 670 1140 quo
695 1067 758 1121 erat
781 1061 884 1142 paucis
906 1059 992 1122 annis

82 1168 151 1224 ante
165 1161 314 1237 deductas
332 1160 386 1220 ut⁸
411 1153 552 1220 vexillum
574 1155 708 1235 tolleres,
723 1166 755 1220 ut
779 1167 909 1220 aratrum
928 1160 992 1220 cir-

83 1259 300 1322 cumduceres:
331 1258 415 1336 cujus
447 1255 567 1336 quidem
593 1271 712 1316 vomere
741 1263 854 1336 portam
886 1254 992 1337 Gaprma
1082 1332 1085 1336 Ι

83 1373 166 1439 paene
181 1354 390 1438 perstrinxisti,
406 1360 439 1415 ut
454 1352 589 1414 florentis
601 1352 723 1415 coloniae
735 1353 918 1415 territorium
934 1353 991 1414 mi-

82 1460 264 1615 ssupggisslqb
279 1549 335 1613 bac
347 1547 573 1632 perturbatione
593 1546 795 1626 religionum*
820 1549 939 1612 advolas
955 1551 994 1612 in

81 1651 124 1714 lll.·
135 1649 278 1713 Varronis
288 1650 323 1726 ²,¹
335 1641 514 1710 sanctissimi
529 1653 618 1728 atque
637 1645 822 1724 integerrimi
837 1647 903 1726 viri,
922 1647 991 1709 lun-

49 1818 53 1826 ·
82 1746 153 1807 (lum
170 1744 369 1808 Casinatem³.
384 1743 448 1816 Quo
468 1743 557 1822 jure?
582 1742 656 1823 [quo
672 1759 723 1804 ore
734 1743 781 1824 “l]
799 1743 923 1821 Eodem,
939 1744 988 1806 in·

81 1841 179 1926 quies,
205 1861 264 1925 quo
286 1841 316 1904 in
338 1840 483 1903 heredum
511 1838 544 1902 L.
570 1840 687 1916 Rubrii,
711 1857 770 1922 quo
796 1842 827 1903 in
845 1841 990 1904 heredum

80 1940 112 2004 b
129 1939 257 2004 Turselii
273 1939 468 2023 praediaque
484 1939 516 1999 in
530 1938 664 2020 reliquas
675 1935 908 2003 innumerabiles
924 1959 990 2022 pos·

80 2037 241 2100 sessiones.
265 2037 300 2100 Et
326 2037 352 2099 si
367 2036 403 2099 ab
424 2036 656 2113 nasu⁵,raleat
682 2037 778 2116 basta,
800 2038 916 2101 valeant
943 2048 989 2102 ta-

80 2289 156 2332 cienue
167 2287 250 2342 Capena
259 2285 346 2329 anitati
356 2267 424 2341 ipen
436 2284 508 2342 pr'est
563 2285 682 2328 Terentius
697 2287 775 2337 Varro,
793 2285 835 2329 tnls
848 2291 921 2331 serant
932 2287 980 2342 poly

79 2348 269 2404 cinqlrilornbtres.
287 2371 313 2380 -
327 2349 347 2392 Ω.
363 2351 395 2392 Tu
411 2350 506 2402 quidem.
561 2347 648 2402 grapho,
678 2347 706 2390 lie
732 2359 786 2390 arec
811 2347 900 2391 ciceron
926 2349 987 2393 d'une

79 2413 173 2466 Quidem
179 2419 213 2466 pst
222 2409 286 2454 attire
298 2423 336 2466 par
345 2412 364 2454 le
377 2423 473 2467 pronam.
486 2417 506 2454 et

78 2487 101 2517 se
122 2480 195 2516 trouve
216 2487 255 2529 par
270 2473 401 2528 consequent
420 2473 506 2528 elolgne

75 2538 104 2580 du
128 2541 171 2578 mot
190 2535 240 2590 qu'il
262 2537 308 2578 doit
329 2537 383 2578 faire
404 2537 505 2578 ressontir

78 2599 239 2655 (coarctationi.
249 2623 275 2631 -
285 2599 306 2641 3.
321 2601 437 2642 Pometiae.
449 2599 505 2642 C'est

77 2663 97 2704 la
120 2661 219 2714 question
245 2660 300 2704 luite
320 2661 332 2704 i
355 2659 446 2704 (licerer
466 2673 505 2716 par

77 2723 168 2765 Anteius
190 2735 216 2765 au
235 2724 291 2766 su'et
316 2723 344 2766 de
369 2723 461 2778 Capora.
478 2747 504 2756 -

77 2776 97 2819 l.
114 2777 146 2825 et,
158 2776 185 2819 de
198 2779 254 2820 mani
270 2789 294 2820 re
308 2789 355 2832 que.
371 2778 426 2820 lteris
442 2776 504 2820 l'etu·

78 2839 203 2881 blissement
213 2839 252 2882 cles
264 2840 366 2884 colonien.
375 2852 401 2882 on
409 2839 503 2882 arbomlt

77 2902 97 2942 la
117 2901 216 2954 drapanu,
233 2905 255 2944 et
273 2901 315 2944 l'on
335 2903 471 2954 traqaitavee
482 2901 502 2944 la

75 2965 170 3007 ebarrue
192 2976 221 3006 un
250 2965 313 3007 sillan
335 2977 388 3020 pour
405 2977 503 3020 marquer

76 3026 190 3069 l'enceinte
211 3025 238 3068 de
258 3027 280 3068 la
298 3028 396 3070 nouvelle
411 3028 471 3070 rllle.

103 3093 169 3132 m.
188 3086 209 3130 l.
220 3089 367 3141 stellatorum,
379 3089 453 3134 G'etuit
461 3101 502 3132 une

75 3150 174 3194 uiolatiou
191 3149 218 3192 de
230 3162 255 3192 ee
268 3163 309 3205 que
318 3151 339 3194 la
352 3152 444 3206 religion
462 3153 502 3208 (les

74 3213 180 3269 auspices)
194 3213 251 3256 erait
271 3215 380 3260 mamre.
392 3239 420 3250 -
432 3215 452 3260 i.
472 3217 499 3262 lt.

560 2409 638 2452 enolto
658 2409 738 2461 amitit,
763 2411 798 2452 fut
818 2411 937 2454 lieutonant
960 2412 987 2456 de

559 2469 650 2527 Pompeia
658 2483 685 2513 en
697 2471 803 2527 Espeqne,
817 2472 842 2514 ob
853 2473 868 2514 il
877 2474 987 2517 combuttit

559 2531 622 2576 Cesar
641 2545 668 2575 en
688 2533 720 2576 ts.
740 2533 810 2590 Apris
832 2536 941 2584 Pbarsale‚
966 2538 985 2578 le

557 2596 681 2649 remquam,
696 2597 731 2651 qui
746 2597 855 2640 l’astlmait
867 2598 984 2654 beaucoup,

556 2657 577 2699 la
591 2659 685 2712 charges
701 2659 728 2702 (le
747 2660 903 2713 l'orqanisation
923 2661 984 2703 cl'une

557 2719 700 2776 bibliotheque
720 2722 827 2776 publique.
844 2724 896 2777 Voy.
915 2722 983 2776 3105.

556 2805 583 2812 -
594 2782 614 2824 3.
628 2784 720 2826 Fundus
741 2784 843 2832 Caeteros,
865 2785 946 2826 maisou
963 2791 984 2830 et

556 2849 611 2886 terre
633 2843 716 2886 situtae
743 2846 792 2900 pres
816 2846 843 2887 cle
872 2846 982 2899 Casinum,

555 2905 609 2948 dans
626 2905 646 2948 le
661 2907 751 2948 Latium.
763 2929 790 2938 -
802 2905 821 2949 l.
840 2905 902 2962 [Quo
915 2912 984 2967 orel]

556 2967 639 3010 semble
663 2968 708 3011 atre
728 2979 756 3011 un
778 2969 893 3024 glossema.
916 2994 943 3002 -
961 2972 981 3014 5.

555 3031 581 3074 St
593 3031 620 3073 et
635 3031 710 3081 beata,
725 3031 824 3086 suppleas
842 3033 868 3074 tn
885 3032 982 3085 tandum

554 3093 668 3138 absorbti.
684 3094 706 3137 Si
726 3093 778 3137 c’est
794 3106 832 3149 pur
850 3095 906 3138 suite
918 3097 982 3141 ‹l'une

554 3161 617 3199 rente
629 3156 728 3212 publique
741 3156 769 3201 de
781 3170 818 3202 ces
831 3159 894 3201 biens
906 3159 982 3202 conlus-

553 3217 606 3274 ques
626 3233 664 3278 pur
686 3219 761 3272 Geram
782 3221 870 3267 ciceron
888 3234 916 3264 ne
932 3225 980 3267 veut
