<?xml version="1.0" encoding="UTF-8"?>
<!DOCTYPE html PUBLIC "-//W3C//DTD XHTML 1.0 Transitional//EN"
    "http://www.w3.org/TR/xhtml1/DTD/xhtml1-transitional.dtd">
<html xmlns="http://www.w3.org/1999/xhtml" xml:lang="en" lang="en">
 <head>
  <title>
</title>
<meta http-equiv="Content-Type" content="text/html;charset=utf-8" />
  <meta name='ocr-system' content='tesseract 3.04.00' />
  <meta name='ocr-capabilities' content='ocr_page ocr_carea ocr_par ocr_line ocrx_word'/>
</head>
<body>
  <div class='ocr_page' id='page_1' title='image "./mtulliiciceroni108cicegoog/mtulliiciceroni108cicegoog_0094.png"; bbox 0 0 2284 3496; ppageno 0'>
   <div class='ocr_carea' id='block_1_1' title="bbox 247 278 1021 369">
    <p class='ocr_par' dir='ltr' id='par_1_1' title="bbox 247 278 1021 369">
     <span class='ocr_line' id='line_1_1' title="bbox 247 278 1021 369; baseline -0.003 -12"><span class='ocrx_word' id='word_1_1' title='bbox 247 278 252 286; x_wconf 81' lang='grc'><strong>’</strong></span> <span class='ocrx_word' id='word_1_2' title='bbox 294 307 466 358; x_wconf 82' lang='lat' dir='ltr'>rururrrml</span> <span class='ocrx_word' id='word_1_3' title='bbox 484 309 631 368; x_wconf 81' lang='lat' dir='ltr'>suenum,</span> <span class='ocrx_word' id='word_1_4' title='bbox 659 309 787 369; x_wconf 83' lang='lat' dir='ltr'>xxxvtu,</span> <span class='ocrx_word' id='word_1_5' title='bbox 811 299 866 360; x_wconf 85' lang='lat' dir='ltr'>es.¹</span> <span class='ocrx_word' id='word_1_6' title='bbox 990 305 1021 356; x_wconf 78' lang='lat' dir='ltr'>ee</span> 
     </span>
    </p>
   </div>
   <div class='ocr_carea' id='block_1_2' title="bbox 40 421 1022 2270">
    <p class='ocr_par' dir='ltr' id='par_1_2' title="bbox 40 421 1022 1585">
     <span class='ocr_line' id='line_1_2' title="bbox 115 421 1022 507; baseline -0.003 -18"><span class='ocrx_word' id='word_1_7' title='bbox 115 425 228 490; x_wconf 83' lang='lat' dir='ltr'>belles¹</span> <span class='ocrx_word' id='word_1_8' title='bbox 240 423 338 507; x_wconf 90' lang='lat' dir='ltr'>palam</span> <span class='ocrx_word' id='word_1_9' title='bbox 347 423 510 486; x_wconf 78' lang='lat' dir='ltr'>venditent.</span> <span class='ocrx_word' id='word_1_10' title='bbox 520 421 623 504; x_wconf 87' lang='lat' dir='ltr'>ltaque</span> <span class='ocrx_word' id='word_1_11' title='bbox 633 423 708 484; x_wconf 90' lang='lat' dir='ltr'>tanti</span> <span class='ocrx_word' id='word_1_12' title='bbox 718 423 814 487; x_wconf 85' lang='lat' dir='ltr'>acervi</span> <span class='ocrx_word' id='word_1_13' title='bbox 828 440 1022 488; x_wconf 90' lang='lat' dir='ltr'>nummorum</span> 
     </span>
     <span class='ocr_line' id='line_1_3' title="bbox 114 522 1022 606; baseline -0.003 -20"><span class='ocrx_word' id='word_1_14' title='bbox 114 523 193 606; x_wconf 91' lang='lat' dir='ltr'>apud</span> <span class='ocrx_word' id='word_1_15' title='bbox 206 523 295 586; x_wconf 90' lang='lat' dir='ltr'>istum</span> <span class='ocrx_word' id='word_1_16' title='bbox 305 529 527 597; x_wconf 87' lang='lat' dir='ltr'>construuntur,</span> <span class='ocrx_word' id='word_1_17' title='bbox 543 529 576 582; x_wconf 90' lang='lat' dir='ltr'>ut</span> <span class='ocrx_word' id='word_1_18' title='bbox 586 522 649 602; x_wconf 89' lang='lat' dir='ltr'>jam</span> <span class='ocrx_word' id='word_1_19' title='bbox 660 523 876 603; x_wconf 74' lang='lat' dir='ltr'>expendantur,</span> <span class='ocrx_word' id='word_1_20' title='bbox 891 541 952 585; x_wconf 93' lang='lat' dir='ltr'>non</span> <span class='ocrx_word' id='word_1_21' title='bbox 966 538 1022 584; x_wconf 88' lang='lat' dir='ltr'>nu·</span> 
     </span>
     <span class='ocr_line' id='line_1_4' title="bbox 115 620 1022 702; baseline -0.002 -18"><span class='ocrx_word' id='word_1_22' title='bbox 115 628 268 684; x_wconf 85' lang='lat' dir='ltr'>merentur</span> <span class='ocrx_word' id='word_1_23' title='bbox 284 620 427 702; x_wconf 75' lang='lat' dir='ltr'>pecunia.</span> <span class='ocrx_word' id='word_1_24' title='bbox 447 621 486 683; x_wconf 83' lang='lat' dir='ltr'>nt</span> <span class='ocrx_word' id='word_1_25' title='bbox 499 637 589 701; x_wconf 87' lang='lat' dir='ltr'>quam</span> <span class='ocrx_word' id='word_1_26' title='bbox 607 637 684 682; x_wconf 86' lang='lat' dir='ltr'>caeca</span> <span class='ocrx_word' id='word_1_27' title='bbox 696 621 819 683; x_wconf 82' lang='lat' dir='ltr'>avaritia</span> <span class='ocrx_word' id='word_1_28' title='bbox 838 623 899 683; x_wconf 82' lang='lat' dir='ltr'>est!</span> <span class='ocrx_word' id='word_1_29' title='bbox 921 620 1022 700; x_wconf 84' lang='lat' dir='ltr'>Nuper</span> 
     </span>
     <span class='ocr_line' id='line_1_5' title="bbox 113 718 1022 802; baseline -0.003 -19"><span class='ocrx_word' id='word_1_30' title='bbox 113 721 171 783; x_wconf 80' lang='lat' dir='ltr'>fixa</span> <span class='ocrx_word' id='word_1_31' title='bbox 189 718 291 782; x_wconf 87' lang='lat' dir='ltr'>tabula</span> <span class='ocrx_word' id='word_1_32' title='bbox 318 721 384 782; x_wconf 88' lang='lat' dir='ltr'>est¹</span> <span class='ocrx_word' id='word_1_33' title='bbox 409 738 468 802; x_wconf 89' lang='lat' dir='ltr'>qua</span> <span class='ocrx_word' id='word_1_34' title='bbox 487 719 619 781; x_wconf 81' lang='lat' dir='ltr'>civitates</span> <span class='ocrx_word' id='word_1_35' title='bbox 639 719 882 802; x_wconf 86' lang='lat' dir='ltr'>locupletissimae</span> <span class='ocrx_word' id='word_1_36' title='bbox 904 719 1022 784; x_wconf 84' lang='lat' dir='ltr'>Creten·</span> 
     </span>
     <span class='ocr_line' id='line_1_6' title="bbox 113 815 1021 900; baseline -0.001 -19"><span class='ocrx_word' id='word_1_37' title='bbox 113 818 190 881; x_wconf 89' lang='lat' dir='ltr'>siunt</span> <span class='ocrx_word' id='word_1_38' title='bbox 218 818 412 898; x_wconf 77' lang='lat' dir='ltr'>vectigalibus</span> <span class='ocrx_word' id='word_1_39' title='bbox 443 815 625 889; x_wconf 88' lang='lat' dir='ltr'>liberantur,</span> <span class='ocrx_word' id='word_1_40' title='bbox 656 819 857 900; x_wconf 74' lang='lat' dir='ltr'>statuiturque</span> <span class='ocrx_word' id='word_1_41' title='bbox 887 836 925 879; x_wconf 93' lang='lat' dir='ltr'>ne</span> <span class='ocrx_word' id='word_1_42' title='bbox 954 823 1021 900; x_wconf 85' lang='lat' dir='ltr'>post</span> 
     </span>
     <span class='ocr_line' id='line_1_7' title="bbox 111 914 1022 998; baseline -0.003 -18"><span class='ocrx_word' id='word_1_43' title='bbox 111 915 149 980; x_wconf 87' lang='grc' dir='ltr'>Μ.</span> <span class='ocrx_word' id='word_1_44' title='bbox 163 915 289 978; x_wconf 78' lang='lat' dir='ltr'>Brutum</span> <span class='ocrx_word' id='word_1_45' title='bbox 301 933 355 998; x_wconf 92' lang='lat' dir='ltr'>pro</span> <span class='ocrx_word' id='word_1_46' title='bbox 368 916 511 979; x_wconf 82' lang='lat' dir='ltr'>eonsule³</span> <span class='ocrx_word' id='word_1_47' title='bbox 524 916 564 977; x_wconf 91' lang='lat' dir='ltr'>sit</span> <span class='ocrx_word' id='word_1_48' title='bbox 576 915 665 978; x_wconf 84' lang='lat' dir='ltr'>Creta</span> <span class='ocrx_word' id='word_1_49' title='bbox 679 916 898 996; x_wconf 76' lang='lat' dir='ltr'>provinciale</span> <span class='ocrx_word' id='word_1_50' title='bbox 912 914 1022 977; x_wconf 90' lang='lat' dir='ltr'>mentis</span> 
     </span>
     <span class='ocr_line' id='line_1_8' title="bbox 111 1011 1022 1094; baseline -0.001 -18"><span class='ocrx_word' id='word_1_51' title='bbox 111 1011 254 1094; x_wconf 83' lang='lat' dir='ltr'>compos?</span> <span class='ocrx_word' id='word_1_52' title='bbox 273 1022 306 1076; x_wconf 89' lang='lat' dir='ltr'>tu</span> <span class='ocrx_word' id='word_1_53' title='bbox 320 1031 380 1075; x_wconf 93' lang='lat' dir='ltr'>non</span> <span class='ocrx_word' id='word_1_54' title='bbox 395 1011 671 1092; x_wconf 83' lang='lat' dir='ltr'>constringendus?</span> <span class='ocrx_word' id='word_1_55' title='bbox 692 1012 726 1076; x_wconf 93' lang='lat' dir='ltr'>ln</span> <span class='ocrx_word' id='word_1_56' title='bbox 747 1012 872 1076; x_wconf 81' lang='lat' dir='ltr'>Caesaris</span> <span class='ocrx_word' id='word_1_57' title='bbox 900 1013 1022 1076; x_wconf 85' lang='lat' dir='ltr'>decreto</span> 
     </span>
     <span class='ocr_line' id='line_1_9' title="bbox 112 1109 1022 1196; baseline -0.003 -20"><span class='ocrx_word' id='word_1_58' title='bbox 112 1109 200 1176; x_wconf 84' lang='lat' dir='ltr'>Creta</span> <span class='ocrx_word' id='word_1_59' title='bbox 218 1120 286 1195; x_wconf 92' lang='lat' dir='ltr'>post</span> <span class='ocrx_word' id='word_1_60' title='bbox 312 1111 351 1175; x_wconf 88' lang='lat' dir='ltr'>lt.</span> <span class='ocrx_word' id='word_1_61' title='bbox 379 1112 465 1176; x_wconf 88' lang='lat' dir='ltr'>Bruti</span> <span class='ocrx_word' id='word_1_62' title='bbox 491 1111 649 1174; x_wconf 83' lang='lat' dir='ltr'>decessum</span> <span class='ocrx_word' id='word_1_63' title='bbox 676 1112 772 1196; x_wconf 88' lang='lat' dir='ltr'>potuit</span> <span class='ocrx_word' id='word_1_64' title='bbox 796 1109 930 1189; x_wconf 87' lang='lat' dir='ltr'>liberari,</span> <span class='ocrx_word' id='word_1_65' title='bbox 954 1127 1022 1173; x_wconf 90' lang='lat' dir='ltr'>cum</span> 
     </span>
     <span class='ocr_line' id='line_1_10' title="bbox 40 1207 1021 1292; baseline -0.003 -16"><span class='ocrx_word' id='word_1_66' title='bbox 40 1271 43 1276; x_wconf 90' lang='lat'>.</span> <span class='ocrx_word' id='word_1_67' title='bbox 110 1207 199 1274; x_wconf 83' lang='lat' dir='ltr'>Creta</span> <span class='ocrx_word' id='word_1_68' title='bbox 219 1211 292 1272; x_wconf 89' lang='lat' dir='ltr'>nihil</span> <span class='ocrx_word' id='word_1_69' title='bbox 311 1209 348 1272; x_wconf 92' lang='lat' dir='ltr'>ad</span> <span class='ocrx_word' id='word_1_70' title='bbox 362 1210 488 1272; x_wconf 84' lang='lat' dir='ltr'>Brutum</span> <span class='ocrx_word' id='word_1_71' title='bbox 501 1210 524 1287; x_wconf 82' lang='lat'>⁴,</span> <span class='ocrx_word' id='word_1_72' title='bbox 543 1209 657 1274; x_wconf 86' lang='lat' dir='ltr'>Caesare</span> <span class='ocrx_word' id='word_1_73' title='bbox 673 1212 750 1288; x_wconf 84' lang='lat' dir='ltr'>vivo,</span> <span class='ocrx_word' id='word_1_74' title='bbox 774 1207 963 1292; x_wconf 85' lang='lat' dir='ltr'>pertineret?</span> <span class='ocrx_word' id='word_1_75' title='bbox 982 1207 1021 1273; x_wconf 79' lang='lat' dir='ltr'>ut</span> 
     </span>
     <span class='ocr_line' id='line_1_11' title="bbox 110 1305 1020 1389; baseline 0.002 -21"><span class='ocrx_word' id='word_1_76' title='bbox 110 1305 383 1388; x_wconf 88' lang='lat' dir='ltr'>hujusvenditione</span> <span class='ocrx_word' id='word_1_77' title='bbox 396 1308 523 1383; x_wconf 84' lang='lat' dir='ltr'>decreti,</span> <span class='ocrx_word' id='word_1_78' title='bbox 537 1325 576 1370; x_wconf 90' lang='lat' dir='ltr'>ne</span> <span class='ocrx_word' id='word_1_79' title='bbox 589 1307 665 1370; x_wconf 89' lang='lat' dir='ltr'>nihil</span> <span class='ocrx_word' id='word_1_80' title='bbox 681 1315 780 1370; x_wconf 89' lang='lat' dir='ltr'>actum</span> <span class='ocrx_word' id='word_1_81' title='bbox 795 1308 906 1389; x_wconf 91' lang='lat' dir='ltr'>putetis</span> <span class='ocrx_word' id='word_1_82' title='bbox 915 1311 938 1386; x_wconf 87' lang='lat'>⁵,</span> <span class='ocrx_word' id='word_1_83' title='bbox 949 1325 1020 1389; x_wconf 92' lang='lat' dir='ltr'>pro-</span> 
     </span>
     <span class='ocr_line' id='line_1_12' title="bbox 110 1403 1019 1486; baseline 0.002 -20"><span class='ocrx_word' id='word_1_84' title='bbox 110 1405 241 1466; x_wconf 77' lang='lat' dir='ltr'>vinciam</span> <span class='ocrx_word' id='word_1_85' title='bbox 264 1403 383 1467; x_wconf 85' lang='lat' dir='ltr'>Cretam</span> <span class='ocrx_word' id='word_1_86' title='bbox 404 1403 591 1486; x_wconf 86' lang='lat' dir='ltr'>perdidistis.</span> <span class='ocrx_word' id='word_1_87' title='bbox 615 1404 744 1469; x_wconf 85' lang='lat' dir='ltr'>Omnino</span> <span class='ocrx_word' id='word_1_88' title='bbox 763 1423 851 1468; x_wconf 88' lang='lat' dir='ltr'>nemo</span> <span class='ocrx_word' id='word_1_89' title='bbox 866 1404 958 1468; x_wconf 90' lang='lat' dir='ltr'>ullius</span> <span class='ocrx_word' id='word_1_90' title='bbox 975 1405 1019 1469; x_wconf 87' lang='lat' dir='ltr'>rei</span> 
     </span>
     <span class='ocr_line' id='line_1_13' title="bbox 108 1501 749 1585; baseline 0.002 -20"><span class='ocrx_word' id='word_1_91' title='bbox 108 1501 303 1585; x_wconf 73' lang='lat' dir='ltr'>tricenum,</span> <span class='ocrx_word' id='word_1_92' title='bbox 320 1503 368 1566; x_wconf 90' lang='lat' dir='ltr'>cui</span> <span class='ocrx_word' id='word_1_93' title='bbox 384 1502 515 1566; x_wconf 88' lang='lat' dir='ltr'>desuerit</span> <span class='ocrx_word' id='word_1_94' title='bbox 532 1503 581 1565; x_wconf 90' lang='lat' dir='ltr'>hie</span> <span class='ocrx_word' id='word_1_95' title='bbox 595 1502 749 1566; x_wconf 80' lang='lat' dir='ltr'>venditor.</span> 
     </span>
    </p>

    <p class='ocr_par' dir='ltr' id='par_1_3' title="bbox 76 1599 1021 2270">
     <span class='ocr_line' id='line_1_14' title="bbox 76 1599 1020 1683; baseline -0.001 -19"><span class='ocrx_word' id='word_1_96' title='bbox 76 1670 80 1679; x_wconf 57' lang='grc'><em>,</em></span> <span class='ocrx_word' id='word_1_97' title='bbox 150 1601 198 1664; x_wconf 85' lang='grc'>98.</span> <span class='ocrx_word' id='word_1_98' title='bbox 223 1599 259 1663; x_wconf 84' lang='lat' dir='ltr'>llt</span> <span class='ocrx_word' id='word_1_99' title='bbox 271 1601 308 1664; x_wconf 91' lang='lat' dir='ltr'>de</span> <span class='ocrx_word' id='word_1_100' title='bbox 325 1599 708 1683; x_wconf 79' lang='lat' dir='ltr'>exsulibus¹legemquam</span> <span class='ocrx_word' id='word_1_101' title='bbox 723 1601 813 1664; x_wconf 81' lang='lat' dir='ltr'>fixisti</span> <span class='ocrx_word' id='word_1_102' title='bbox 822 1599 920 1666; x_wconf 83' lang='lat' dir='ltr'>Caesar</span> <span class='ocrx_word' id='word_1_103' title='bbox 930 1599 1020 1671; x_wconf 81' lang='lat' dir='ltr'>tulit?</span> 
     </span>
     <span class='ocr_line' id='line_1_15' title="bbox 109 1698 1019 1782; baseline 0.003 -21"><span class='ocrx_word' id='word_1_104' title='bbox 109 1698 228 1761; x_wconf 89' lang='lat' dir='ltr'>Nullius</span> <span class='ocrx_word' id='word_1_105' title='bbox 242 1698 375 1762; x_wconf 88' lang='lat' dir='ltr'>insector</span> <span class='ocrx_word' id='word_1_106' title='bbox 389 1699 610 1761; x_wconf 84' lang='lat' dir='ltr'>calamitatem:</span> <span class='ocrx_word' id='word_1_107' title='bbox 624 1707 740 1762; x_wconf 90' lang='lat' dir='ltr'>tantum</span> <span class='ocrx_word' id='word_1_108' title='bbox 752 1717 873 1782; x_wconf 88' lang='lat' dir='ltr'>queror,</span> <span class='ocrx_word' id='word_1_109' title='bbox 887 1700 1019 1782; x_wconf 82' lang='lat' dir='ltr'>primum</span> 
     </span>
     <span class='ocr_line' id='line_1_16' title="bbox 109 1795 1021 1879; baseline 0.007 -22"><span class='ocrx_word' id='word_1_110' title='bbox 109 1813 215 1858; x_wconf 88' lang='lat' dir='ltr'>eorum</span> <span class='ocrx_word' id='word_1_111' title='bbox 231 1795 346 1860; x_wconf 88' lang='lat' dir='ltr'>reditus</span> <span class='ocrx_word' id='word_1_112' title='bbox 361 1797 550 1879; x_wconf 74' lang='lat' dir='ltr'>inquinatos²</span> <span class='ocrx_word' id='word_1_113' title='bbox 563 1815 693 1878; x_wconf 90' lang='lat' dir='ltr'>quorum</span> <span class='ocrx_word' id='word_1_114' title='bbox 710 1816 831 1862; x_wconf 85' lang='lat' dir='ltr'>causam</span> <span class='ocrx_word' id='word_1_115' title='bbox 847 1797 946 1862; x_wconf 77' lang='lat' dir='ltr'>Caesar</span> <span class='ocrx_word' id='word_1_116' title='bbox 961 1797 1021 1862; x_wconf 91' lang='lat' dir='ltr'>dis·</span> 
     </span>
     <span class='ocr_line' id='line_1_17' title="bbox 106 1891 1017 1976; baseline 0.004 -22"><span class='ocrx_word' id='word_1_117' title='bbox 106 1891 236 1956; x_wconf 85' lang='lat' dir='ltr'>similem</span> <span class='ocrx_word' id='word_1_118' title='bbox 259 1893 419 1974; x_wconf 81' lang='lat' dir='ltr'>judicarit3</span> <span class='ocrx_word' id='word_1_119' title='bbox 455 1893 565 1956; x_wconf 89' lang='lat' dir='ltr'>deinde</span> <span class='ocrx_word' id='word_1_120' title='bbox 598 1893 700 1956; x_wconf 87' lang='lat' dir='ltr'>neseio</span> <span class='ocrx_word' id='word_1_121' title='bbox 726 1910 779 1956; x_wconf 90' lang='lat' dir='ltr'>cur</span> <span class='ocrx_word' id='word_1_122' title='bbox 805 1913 865 1958; x_wconf 90' lang='lat' dir='ltr'>non</span> <span class='ocrx_word' id='word_1_123' title='bbox 891 1893 1017 1976; x_wconf 89' lang='lat' dir='ltr'>reliquis</span> 
     </span>
     <span class='ocr_line' id='line_1_18' title="bbox 106 1989 1014 2076; baseline 0.004 -24"><span class='ocrx_word' id='word_1_124' title='bbox 106 1989 186 2052; x_wconf 91' lang='lat' dir='ltr'>idem</span> <span class='ocrx_word' id='word_1_125' title='bbox 205 1991 337 2063; x_wconf 67' lang='lat' dir='ltr'>tribuam</span> <span class='ocrx_word' id='word_1_126' title='bbox 354 2010 452 2073; x_wconf 90' lang='lat' dir='ltr'>neque</span> <span class='ocrx_word' id='word_1_127' title='bbox 471 1991 551 2053; x_wconf 93' lang='lat' dir='ltr'>enim</span> <span class='ocrx_word' id='word_1_128' title='bbox 570 1991 639 2073; x_wconf 94' lang='lat' dir='ltr'>plus</span> <span class='ocrx_word' id='word_1_129' title='bbox 663 2011 753 2076; x_wconf 91' lang='lat' dir='ltr'>quam</span> <span class='ocrx_word' id='word_1_130' title='bbox 777 2001 838 2056; x_wconf 90' lang='lat' dir='ltr'>tres</span> <span class='ocrx_word' id='word_1_131' title='bbox 857 2001 910 2058; x_wconf 91' lang='lat' dir='ltr'>aut</span> <span class='ocrx_word' id='word_1_132' title='bbox 925 2002 1014 2075; x_wconf 89' lang='lat' dir='ltr'>quat-</span> 
     </span>
     <span class='ocr_line' id='line_1_19' title="bbox 104 2088 1020 2169; baseline 0.004 -19"><span class='ocrx_word' id='word_1_133' title='bbox 104 2095 174 2151; x_wconf 88' lang='lat' dir='ltr'>tuor</span> <span class='ocrx_word' id='word_1_134' title='bbox 187 2089 302 2169; x_wconf 88' lang='lat' dir='ltr'>reliqui</span> <span class='ocrx_word' id='word_1_135' title='bbox 322 2098 403 2152; x_wconf 90' lang='lat' dir='ltr'>sunt.</span> <span class='ocrx_word' id='word_1_136' title='bbox 420 2088 477 2162; x_wconf 86' lang='lat' dir='ltr'>Qui</span> <span class='ocrx_word' id='word_1_137' title='bbox 499 2089 594 2151; x_wconf 93' lang='lat' dir='ltr'>simili</span> <span class='ocrx_word' id='word_1_138' title='bbox 614 2089 646 2152; x_wconf 90' lang='lat' dir='ltr'>iu</span> <span class='ocrx_word' id='word_1_139' title='bbox 669 2091 839 2154; x_wconf 86' lang='lat' dir='ltr'>calamitate</span> <span class='ocrx_word' id='word_1_140' title='bbox 860 2099 942 2167; x_wconf 90' lang='lat' dir='ltr'>sunt,</span> <span class='ocrx_word' id='word_1_141' title='bbox 966 2109 1020 2154; x_wconf 90' lang='lat' dir='ltr'>cur</span> 
     </span>
     <span class='ocr_line' id='line_1_20' title="bbox 105 2185 1020 2270; baseline 0.003 -22"><span class='ocrx_word' id='word_1_142' title='bbox 105 2195 158 2248; x_wconf 89' lang='lat' dir='ltr'>tua</span> <span class='ocrx_word' id='word_1_143' title='bbox 176 2185 385 2249; x_wconf 89' lang='lat' dir='ltr'>misericordia</span> <span class='ocrx_word' id='word_1_144' title='bbox 399 2205 460 2250; x_wconf 91' lang='lat' dir='ltr'>nen</span> <span class='ocrx_word' id='word_1_145' title='bbox 477 2186 569 2249; x_wconf 91' lang='lat' dir='ltr'>simili</span> <span class='ocrx_word' id='word_1_146' title='bbox 589 2187 753 2270; x_wconf 81' lang='lat' dir='ltr'>fruuntur?</span> <span class='ocrx_word' id='word_1_147' title='bbox 772 2207 829 2252; x_wconf 90' lang='lat' dir='ltr'>eur</span> <span class='ocrx_word' id='word_1_148' title='bbox 847 2207 898 2252; x_wconf 89' lang='lat' dir='ltr'>eos</span> <span class='ocrx_word' id='word_1_149' title='bbox 924 2187 1020 2252; x_wconf 87' lang='lat' dir='ltr'>habes</span> 
     </span>
    </p>
   </div>
   <div class='ocr_carea' id='block_1_3' title="bbox 101 2387 1019 2684">
    <p class='ocr_par' dir='ltr' id='par_1_4' title="bbox 101 2387 1019 2684">
     <span class='ocr_line' id='line_1_21' title="bbox 131 2387 1019 2445; baseline 0.003 -13"><span class='ocrx_word' id='word_1_150' title='bbox 131 2393 175 2432; x_wconf 63' lang='grc' dir='ltr'>οἵ.</span> <span class='ocrx_word' id='word_1_151' title='bbox 189 2387 209 2430; x_wconf 89' lang='grc'>1.</span> <span class='ocrx_word' id='word_1_152' title='bbox 223 2387 323 2432; x_wconf 77' lang='lat' dir='ltr'>libellos.</span> <span class='ocrx_word' id='word_1_153' title='bbox 339 2387 378 2430; x_wconf 81' lang='lat' dir='ltr'>Ces</span> <span class='ocrx_word' id='word_1_154' title='bbox 391 2399 535 2444; x_wconf 73' lang='lat' dir='ltr'>propramtuer</span> <span class='ocrx_word' id='word_1_155' title='bbox 588 2399 630 2442; x_wconf 88' lang='lat' dir='ltr'>que</span> <span class='ocrx_word' id='word_1_156' title='bbox 644 2387 664 2430; x_wconf 88' lang='lat' dir='ltr'>le</span> <span class='ocrx_word' id='word_1_157' title='bbox 675 2388 747 2431; x_wconf 74' lang='lat' dir='ltr'>decret</span> <span class='ocrx_word' id='word_1_158' title='bbox 764 2388 797 2432; x_wconf 86' lang='lat' dir='ltr'>n&#39;a</span> <span class='ocrx_word' id='word_1_159' title='bbox 819 2401 857 2445; x_wconf 85' lang='lat' dir='ltr'>pes</span> <span class='ocrx_word' id='word_1_160' title='bbox 873 2403 900 2434; x_wconf 84' lang='lat' dir='ltr'>eu</span> <span class='ocrx_word' id='word_1_161' title='bbox 912 2391 938 2434; x_wconf 82' lang='lat' dir='ltr'>da</span> <span class='ocrx_word' id='word_1_162' title='bbox 953 2391 1019 2442; x_wconf 87' lang='lat' dir='ltr'>suite.</span> 
     </span>
     <span class='ocr_line' id='line_1_22' title="bbox 102 2449 1019 2510; baseline 0.004 -17"><span class='ocrx_word' id='word_1_163' title='bbox 102 2449 219 2494; x_wconf 82' lang='lat' dir='ltr'>donnaient</span> <span class='ocrx_word' id='word_1_164' title='bbox 228 2451 260 2493; x_wconf 88' lang='lat' dir='ltr'>les</span> <span class='ocrx_word' id='word_1_165' title='bbox 271 2461 332 2492; x_wconf 81' lang='lat' dir='ltr'>noms</span> <span class='ocrx_word' id='word_1_166' title='bbox 343 2449 381 2492; x_wconf 89' lang='lat' dir='ltr'>des</span> <span class='ocrx_word' id='word_1_167' title='bbox 394 2449 533 2505; x_wconf 69' lang='lat' dir='ltr'>gladiatorum,</span> <span class='ocrx_word' id='word_1_168' title='bbox 585 2451 609 2502; x_wconf 75' lang='lat' dir='ltr'>je</span> <span class='ocrx_word' id='word_1_169' title='bbox 619 2461 673 2494; x_wconf 75' lang='lat' dir='ltr'>aeut</span> <span class='ocrx_word' id='word_1_170' title='bbox 680 2451 769 2494; x_wconf 64' lang='lat' dir='ltr'>didere</span> <span class='ocrx_word' id='word_1_171' title='bbox 782 2463 823 2505; x_wconf 79' lang='lat' dir='ltr'>quc</span> <span class='ocrx_word' id='word_1_172' title='bbox 834 2465 885 2496; x_wconf 82' lang='lat' dir='ltr'>vous</span> <span class='ocrx_word' id='word_1_173' title='bbox 892 2465 941 2496; x_wconf 78' lang='lat' dir='ltr'>arca</span> <span class='ocrx_word' id='word_1_174' title='bbox 950 2455 1019 2510; x_wconf 89' lang='lat' dir='ltr'>perdu</span> 
     </span>
     <span class='ocr_line' id='line_1_23' title="bbox 102 2513 1019 2568; baseline 0.004 -12"><span class='ocrx_word' id='word_1_175' title='bbox 102 2527 154 2557; x_wconf 76' lang='lat' dir='ltr'>eree</span> <span class='ocrx_word' id='word_1_176' title='bbox 172 2514 193 2556; x_wconf 90' lang='lat' dir='ltr'>le</span> <span class='ocrx_word' id='word_1_177' title='bbox 206 2513 256 2568; x_wconf 81' lang='lat' dir='ltr'>jour</span> <span class='ocrx_word' id='word_1_178' title='bbox 271 2513 298 2555; x_wconf 85' lang='lat' dir='ltr'>ds</span> <span class='ocrx_word' id='word_1_179' title='bbox 313 2514 332 2556; x_wconf 87' lang='lat' dir='ltr'>la</span> <span class='ocrx_word' id='word_1_180' title='bbox 354 2513 533 2568; x_wconf 69' lang='lat' dir='ltr'>representation.</span> <span class='ocrx_word' id='word_1_181' title='bbox 588 2513 621 2554; x_wconf 88' lang='lat' dir='ltr'>les</span> <span class='ocrx_word' id='word_1_182' title='bbox 630 2513 791 2556; x_wconf 81' lang='lat' dir='ltr'>revenusdela</span> <span class='ocrx_word' id='word_1_183' title='bbox 807 2515 1019 2567; x_wconf 74' lang='lat' dir='ltr'>provineedeCrdte</span> 
     </span>
     <span class='ocr_line' id='line_1_24' title="bbox 101 2575 1016 2634; baseline 0.001 -15"><span class='ocrx_word' id='word_1_184' title='bbox 101 2577 148 2619; x_wconf 54' lang='lat'>4.</span> <span class='ocrx_word' id='word_1_185' title='bbox 156 2578 215 2620; x_wconf 78' lang='lat' dir='ltr'>Fica</span> <span class='ocrx_word' id='word_1_186' title='bbox 227 2576 355 2619; x_wconf 80' lang='lat' dir='ltr'>teluteeot.</span> <span class='ocrx_word' id='word_1_187' title='bbox 364 2577 458 2618; x_wconf 81' lang='lat' dir='ltr'>Antoine</span> <span class='ocrx_word' id='word_1_188' title='bbox 469 2575 493 2617; x_wconf 86' lang='lat' dir='ltr'>tit</span> <span class='ocrx_word' id='word_1_189' title='bbox 502 2577 535 2620; x_wconf 82' lang='lat' dir='ltr'>el·</span> <span class='ocrx_word' id='word_1_190' title='bbox 588 2575 741 2628; x_wconf 67' lang='lat' dir='ltr'>(menducium</span> <span class='ocrx_word' id='word_1_191' title='bbox 761 2578 850 2621; x_wconf 76' lang='lat' dir='ltr'>Gratum</span> <span class='ocrx_word' id='word_1_192' title='bbox 867 2579 1016 2634; x_wconf 74' lang='lat' dir='ltr'>perdidistis).</span> 
     </span>
     <span class='ocr_line' id='line_1_25' title="bbox 101 2638 1017 2684; baseline 0.004 -5"><span class='ocrx_word' id='word_1_193' title='bbox 101 2639 167 2682; x_wconf 78' lang='lat' dir='ltr'>daher</span> <span class='ocrx_word' id='word_1_194' title='bbox 176 2653 201 2684; x_wconf 87' lang='lat' dir='ltr'>es</span> <span class='ocrx_word' id='word_1_195' title='bbox 213 2639 287 2681; x_wconf 73' lang='lat' dir='ltr'>decret</span> <span class='ocrx_word' id='word_1_196' title='bbox 301 2649 382 2680; x_wconf 83' lang='lat' dir='ltr'>comme</span> <span class='ocrx_word' id='word_1_197' title='bbox 391 2638 491 2680; x_wconf 78' lang='lat' dir='ltr'>emanant</span> <span class='ocrx_word' id='word_1_198' title='bbox 506 2639 532 2680; x_wconf 89' lang='lat' dir='ltr'>de</span> <span class='ocrx_word' id='word_1_199' title='bbox 613 2641 658 2682; x_wconf 71' lang='lat'>08.</span> <span class='ocrx_word' id='word_1_200' title='bbox 684 2639 703 2680; x_wconf 89' lang='grc'>1.</span> <span class='ocrx_word' id='word_1_201' title='bbox 726 2641 756 2682; x_wconf 81' lang='lat' dir='ltr'>lle</span> <span class='ocrx_word' id='word_1_202' title='bbox 780 2642 905 2683; x_wconf 70' lang='lat' dir='ltr'>excutitur.</span> <span class='ocrx_word' id='word_1_203' title='bbox 925 2641 1017 2684; x_wconf 82' lang='lat' dir='ltr'>Antoine</span> 
     </span>
    </p>
   </div>
   <div class='ocr_carea' id='block_1_4' title="bbox 96 2699 532 3330">
    <p class='ocr_par' dir='ltr' id='par_1_5' title="bbox 96 2699 532 3330">
     <span class='ocr_line' id='line_1_26' title="bbox 101 2699 532 2754; baseline -0.005 -10"><span class='ocrx_word' id='word_1_204' title='bbox 101 2699 231 2744; x_wconf 70' lang='lat' dir='ltr'>cosae-s.</span> <span class='ocrx_word' id='word_1_205' title='bbox 244 2703 289 2744; x_wconf 85' lang='lat' dir='ltr'>Pro</span> <span class='ocrx_word' id='word_1_206' title='bbox 301 2701 393 2744; x_wconf 80' lang='lat' dir='ltr'>consule</span> <span class='ocrx_word' id='word_1_207' title='bbox 403 2702 432 2752; x_wconf 81' lang='lat' dir='ltr'>(et</span> <span class='ocrx_word' id='word_1_208' title='bbox 442 2713 482 2741; x_wconf 92' lang='lat' dir='ltr'>nen</span> <span class='ocrx_word' id='word_1_209' title='bbox 496 2712 532 2754; x_wconf 85' lang='lat' dir='ltr'>pas</span> 
     </span>
     <span class='ocr_line' id='line_1_27' title="bbox 100 2763 532 2816; baseline 0 -12"><span class='ocrx_word' id='word_1_210' title='bbox 100 2765 273 2816; x_wconf 69' lang='lat' dir='ltr'>proconsulem).</span> <span class='ocrx_word' id='word_1_211' title='bbox 307 2764 367 2805; x_wconf 71' lang='lat' dir='ltr'>lette</span> <span class='ocrx_word' id='word_1_212' title='bbox 407 2763 532 2816; x_wconf 85' lang='lat' dir='ltr'>expression</span> 
     </span>
     <span class='ocr_line' id='line_1_28' title="bbox 100 2825 530 2880; baseline 0.002 -15"><span class='ocrx_word' id='word_1_213' title='bbox 100 2825 208 2880; x_wconf 85' lang='lat' dir='ltr'>s&#39;emplole</span> <span class='ocrx_word' id='word_1_214' title='bbox 236 2837 319 2868; x_wconf 84' lang='lat' dir='ltr'>oemnro</span> <span class='ocrx_word' id='word_1_215' title='bbox 349 2825 469 2879; x_wconf 84' lang='lat' dir='ltr'>apposltlon</span> <span class='ocrx_word' id='word_1_216' title='bbox 503 2837 530 2866; x_wconf 91' lang='lat' dir='ltr'>eu</span> 
     </span>
     <span class='ocr_line' id='line_1_29' title="bbox 99 2886 531 2932; baseline 0 -3"><span class='ocrx_word' id='word_1_217' title='bbox 99 2898 182 2930; x_wconf 77' lang='lat' dir='ltr'>comme</span> <span class='ocrx_word' id='word_1_218' title='bbox 193 2887 290 2930; x_wconf 78' lang='lat' dir='ltr'>attribui.</span> <span class='ocrx_word' id='word_1_219' title='bbox 299 2886 350 2930; x_wconf 78' lang='grc'>-1,</span> <span class='ocrx_word' id='word_1_220' title='bbox 360 2888 421 2932; x_wconf 79' lang='lat' dir='ltr'>Nihil</span> <span class='ocrx_word' id='word_1_221' title='bbox 433 2888 463 2929; x_wconf 83' lang='lat' dir='ltr'>ad</span> <span class='ocrx_word' id='word_1_222' title='bbox 473 2889 531 2930; x_wconf 81' lang='lat' dir='ltr'>Bru-</span> 
     </span>
     <span class='ocr_line' id='line_1_30' title="bbox 99 2946 531 3003; baseline -0.007 -10"><span class='ocrx_word' id='word_1_223' title='bbox 99 2953 155 2993; x_wconf 82' lang='lat' dir='ltr'>tum.</span> <span class='ocrx_word' id='word_1_224' title='bbox 175 2949 229 2991; x_wconf 81' lang='lat' dir='ltr'>G&#39;sst</span> <span class='ocrx_word' id='word_1_225' title='bbox 247 2950 340 2992; x_wconf 83' lang='lat' dir='ltr'>Anteius</span> <span class='ocrx_word' id='word_1_226' title='bbox 358 2949 401 3003; x_wconf 86' lang='lat' dir='ltr'>qui,</span> <span class='ocrx_word' id='word_1_227' title='bbox 423 2946 485 3002; x_wconf 73' lang='lat' dir='ltr'>apres</span> <span class='ocrx_word' id='word_1_228' title='bbox 511 2947 531 2990; x_wconf 87' lang='lat' dir='ltr'>la</span> 
     </span>
     <span class='ocr_line' id='line_1_31' title="bbox 98 3009 531 3066; baseline -0.002 -14"><span class='ocrx_word' id='word_1_229' title='bbox 98 3016 154 3053; x_wconf 81' lang='lat' dir='ltr'>mett</span> <span class='ocrx_word' id='word_1_230' title='bbox 162 3010 188 3052; x_wconf 89' lang='lat' dir='ltr'>de</span> <span class='ocrx_word' id='word_1_231' title='bbox 197 3009 268 3062; x_wconf 66' lang='lat' dir='ltr'>Cesar,</span> <span class='ocrx_word' id='word_1_232' title='bbox 283 3011 306 3054; x_wconf 81' lang='lat' dir='ltr'>tt</span> <span class='ocrx_word' id='word_1_233' title='bbox 313 3012 393 3054; x_wconf 89' lang='lat' dir='ltr'>donner</span> <span class='ocrx_word' id='word_1_234' title='bbox 403 3011 423 3054; x_wconf 86' lang='lat' dir='ltr'>la</span> <span class='ocrx_word' id='word_1_235' title='bbox 432 3009 531 3066; x_wconf 83' lang='lat' dir='ltr'>province</span> 
     </span>
     <span class='ocr_line' id='line_1_32' title="bbox 97 3071 529 3128; baseline 0 -14"><span class='ocrx_word' id='word_1_236' title='bbox 97 3072 125 3114; x_wconf 86' lang='lat' dir='ltr'>de</span> <span class='ocrx_word' id='word_1_237' title='bbox 135 3071 195 3115; x_wconf 74' lang='lat' dir='ltr'>Crete</span> <span class='ocrx_word' id='word_1_238' title='bbox 208 3071 368 3128; x_wconf 76' lang='lat' dir='ltr'>illrutus.l¹op.</span> <span class='ocrx_word' id='word_1_239' title='bbox 381 3072 453 3116; x_wconf 87' lang='lat' dir='ltr'>lntred</span> <span class='ocrx_word' id='word_1_240' title='bbox 465 3071 529 3127; x_wconf 65' lang='lat' dir='ltr'>,pta</span> 
     </span>
     <span class='ocr_line' id='line_1_33' title="bbox 98 3135 529 3192; baseline -0.002 -14"><span class='ocrx_word' id='word_1_241' title='bbox 98 3158 125 3166; x_wconf 94' lang='lat'><em>-</em></span> <span class='ocrx_word' id='word_1_242' title='bbox 135 3135 156 3178; x_wconf 84' lang='lat'>5.</span> <span class='ocrx_word' id='word_1_243' title='bbox 166 3135 197 3180; x_wconf 79' lang='lat' dir='ltr'>rte</span> <span class='ocrx_word' id='word_1_244' title='bbox 212 3135 271 3178; x_wconf 76' lang='lat' dir='ltr'>niati</span> <span class='ocrx_word' id='word_1_245' title='bbox 283 3139 360 3179; x_wconf 85' lang='lat' dir='ltr'>netum</span> <span class='ocrx_word' id='word_1_246' title='bbox 369 3138 461 3192; x_wconf 71' lang='lat' dir='ltr'>parete.</span> <span class='ocrx_word' id='word_1_247' title='bbox 470 3135 529 3178; x_wconf 81' lang='lat' dir='ltr'>Getta</span> 
     </span>
     <span class='ocr_line' id='line_1_34' title="bbox 98 3197 528 3254; baseline 0.002 -14"><span class='ocrx_word' id='word_1_248' title='bbox 98 3197 232 3253; x_wconf 78' lang='lat' dir='ltr'>proposition</span> <span class='ocrx_word' id='word_1_249' title='bbox 248 3197 365 3252; x_wconf 82' lang='lat' dir='ltr'>s&#39;expllque</span> <span class='ocrx_word' id='word_1_250' title='bbox 379 3211 418 3254; x_wconf 85' lang='lat' dir='ltr'>per</span> <span class='ocrx_word' id='word_1_251' title='bbox 434 3210 476 3241; x_wconf 86' lang='lat' dir='ltr'>une</span> <span class='ocrx_word' id='word_1_252' title='bbox 495 3197 528 3241; x_wconf 87' lang='lat' dir='ltr'>el-</span> 
     </span>
     <span class='ocr_line' id='line_1_35' title="bbox 96 3260 527 3330; baseline 0.002 -27"><span class='ocrx_word' id='word_1_253' title='bbox 96 3261 162 3328; x_wconf 83' lang='lat' dir='ltr'>lipse:</span> <span class='ocrx_word' id='word_1_254' title='bbox 171 3260 226 3304; x_wconf 86' lang='lat' dir='ltr'>Puer</span> <span class='ocrx_word' id='word_1_255' title='bbox 242 3271 283 3327; x_wconf 86' lang='lat' dir='ltr'>que</span> <span class='ocrx_word' id='word_1_256' title='bbox 294 3272 345 3303; x_wconf 81' lang='lat' dir='ltr'>roua</span> <span class='ocrx_word' id='word_1_257' title='bbox 357 3271 383 3304; x_wconf 89' lang='lat' dir='ltr'>ee</span> <span class='ocrx_word' id='word_1_258' title='bbox 392 3261 478 3330; x_wconf 83' lang='lat' dir='ltr'>peaeiea</span> <span class='ocrx_word' id='word_1_259' title='bbox 488 3273 527 3330; x_wconf 81' lang='lat' dir='ltr'>par</span> 
     </span>
    </p>
   </div>
   <div class='ocr_carea' id='block_1_5' title="bbox 584 2701 1018 3194">
    <p class='ocr_par' dir='ltr' id='par_1_6' title="bbox 584 2701 1018 3194">
     <span class='ocr_line' id='line_1_36' title="bbox 587 2701 1018 2756; baseline 0.007 -13"><span class='ocrx_word' id='word_1_260' title='bbox 587 2701 670 2756; x_wconf 80' lang='lat' dir='ltr'>rappela</span> <span class='ocrx_word' id='word_1_261' title='bbox 681 2702 782 2756; x_wconf 75' lang='lat' dir='ltr'>quelques</span> <span class='ocrx_word' id='word_1_262' title='bbox 793 2701 865 2752; x_wconf 82' lang='lat' dir='ltr'>erllds,</span> <span class='ocrx_word' id='word_1_263' title='bbox 882 2715 907 2745; x_wconf 86' lang='lat' dir='ltr'>en</span> <span class='ocrx_word' id='word_1_264' title='bbox 918 2703 1018 2746; x_wconf 79' lang='lat' dir='ltr'>uidebant</span> 
     </span>
     <span class='ocr_line' id='line_1_37' title="bbox 587 2762 1016 2817; baseline 0.012 -14"><span class='ocrx_word' id='word_1_265' title='bbox 587 2774 628 2804; x_wconf 89' lang='lat' dir='ltr'>une</span> <span class='ocrx_word' id='word_1_266' title='bbox 636 2763 662 2805; x_wconf 92' lang='lat' dir='ltr'>lei</span> <span class='ocrx_word' id='word_1_267' title='bbox 672 2763 721 2817; x_wconf 88' lang='lat' dir='ltr'>qu&#39;il</span> <span class='ocrx_word' id='word_1_268' title='bbox 729 2762 849 2817; x_wconf 75' lang='lat' dir='ltr'>pretendere</span> <span class='ocrx_word' id='word_1_269' title='bbox 861 2764 920 2806; x_wconf 83' lang='lat' dir='ltr'>avoir</span> <span class='ocrx_word' id='word_1_270' title='bbox 931 2764 1016 2809; x_wconf 74' lang='lat' dir='ltr'>treuvee</span> 
     </span>
     <span class='ocr_line' id='line_1_38' title="bbox 586 2824 1016 2882; baseline 0.009 -16"><span class='ocrx_word' id='word_1_271' title='bbox 586 2824 639 2866; x_wconf 80' lang='lat' dir='ltr'>dans</span> <span class='ocrx_word' id='word_1_272' title='bbox 655 2825 687 2866; x_wconf 86' lang='lat' dir='ltr'>les</span> <span class='ocrx_word' id='word_1_273' title='bbox 704 2826 788 2880; x_wconf 80' lang='lat' dir='ltr'>papiers</span> <span class='ocrx_word' id='word_1_274' title='bbox 810 2826 837 2867; x_wconf 89' lang='lat' dir='ltr'>do</span> <span class='ocrx_word' id='word_1_275' title='bbox 857 2824 922 2868; x_wconf 72' lang='lat' dir='ltr'>cesar</span> <span class='ocrx_word' id='word_1_276' title='bbox 940 2831 972 2877; x_wconf 69' lang='grc' dir='ltr'>[ὡς</span> <span class='ocrx_word' id='word_1_277' title='bbox 994 2827 1016 2882; x_wconf 70' lang='grc' dir='ltr'>δὴ</span> 
     </span>
     <span class='ocr_line' id='line_1_39' title="bbox 585 2887 1016 2944; baseline 0.012 -16"><span class='ocrx_word' id='word_1_278' title='bbox 585 2895 647 2930; x_wconf 79' lang='grc' dir='ltr'><strong><em>ταῦτα</em></strong></span> <span class='ocrx_word' id='word_1_279' title='bbox 675 2897 700 2938; x_wconf 74' lang='grc' dir='ltr'>τῷ</span> <span class='ocrx_word' id='word_1_280' title='bbox 723 2893 808 2942; x_wconf 62' lang='lat' dir='ltr'>aalma</span> <span class='ocrx_word' id='word_1_281' title='bbox 835 2887 917 2934; x_wconf 72' lang='grc' dir='ltr'>δόξαντα</span> <span class='ocrx_word' id='word_1_282' title='bbox 940 2891 1016 2944; x_wconf 61' lang='lat' dir='ltr'>(Phth,</span> 
     </span>
     <span class='ocr_line' id='line_1_40' title="bbox 585 2945 1014 3004; baseline 0.012 -12"><span class='ocrx_word' id='word_1_283' title='bbox 585 2949 649 2999; x_wconf 64' lang='lat' dir='ltr'>Ant„</span> <span class='ocrx_word' id='word_1_284' title='bbox 662 2947 690 3004; x_wconf 84' lang='lat'>9).</span> <span class='ocrx_word' id='word_1_285' title='bbox 704 2971 729 2980; x_wconf 89' lang='lat'>-</span> <span class='ocrx_word' id='word_1_286' title='bbox 743 2947 763 2990; x_wconf 80' lang='grc'>1.</span> <span class='ocrx_word' id='word_1_287' title='bbox 775 2951 866 2993; x_wconf 80' lang='lat' dir='ltr'>lleditua</span> <span class='ocrx_word' id='word_1_288' title='bbox 877 2945 1014 3004; x_wconf 65' lang='lat' dir='ltr'>inperitans,</span> 
     </span>
     <span class='ocr_line' id='line_1_41' title="bbox 585 3010 1015 3068; baseline 0.009 -14"><span class='ocrx_word' id='word_1_289' title='bbox 585 3010 689 3054; x_wconf 72' lang='lat' dir='ltr'>(lesurae</span> <span class='ocrx_word' id='word_1_290' title='bbox 713 3011 823 3054; x_wconf 81' lang='lat' dir='ltr'>contendit</span> <span class='ocrx_word' id='word_1_291' title='bbox 843 3025 880 3068; x_wconf 87' lang='lat' dir='ltr'>pas</span> <span class='ocrx_word' id='word_1_292' title='bbox 900 3015 933 3056; x_wconf 89' lang='lat' dir='ltr'>les</span> <span class='ocrx_word' id='word_1_293' title='bbox 949 3016 1015 3058; x_wconf 79' lang='lat' dir='ltr'>cxilds</span> 
     </span>
     <span class='ocr_line' id='line_1_42' title="bbox 585 3073 1015 3132; baseline 0.016 -18"><span class='ocrx_word' id='word_1_294' title='bbox 585 3073 696 3128; x_wconf 85' lang='lat' dir='ltr'>poliliques</span> <span class='ocrx_word' id='word_1_295' title='bbox 720 3087 771 3117; x_wconf 80' lang='lat' dir='ltr'>eree</span> <span class='ocrx_word' id='word_1_296' title='bbox 796 3087 849 3118; x_wconf 82' lang='lat' dir='ltr'>ceux</span> <span class='ocrx_word' id='word_1_297' title='bbox 874 3076 908 3132; x_wconf 91' lang='lat' dir='ltr'>qui</span> <span class='ocrx_word' id='word_1_298' title='bbox 928 3079 1015 3121; x_wconf 86' lang='lat' dir='ltr'>avaient</span> 
     </span>
     <span class='ocr_line' id='line_1_43' title="bbox 584 3137 1013 3194; baseline 0.016 -16"><span class='ocrx_word' id='word_1_299' title='bbox 584 3137 673 3178; x_wconf 84' lang='lat' dir='ltr'>commls</span> <span class='ocrx_word' id='word_1_300' title='bbox 685 3149 712 3180; x_wconf 90' lang='lat' dir='ltr'>un</span> <span class='ocrx_word' id='word_1_301' title='bbox 724 3137 793 3180; x_wconf 85' lang='lat' dir='ltr'>crime</span> <span class='ocrx_word' id='word_1_302' title='bbox 806 3138 877 3194; x_wconf 76' lang='lat' dir='ltr'>(App,</span> <span class='ocrx_word' id='word_1_303' title='bbox 892 3141 948 3184; x_wconf 81' lang='lat' dir='ltr'>Bell.</span> <span class='ocrx_word' id='word_1_304' title='bbox 961 3141 1013 3189; x_wconf 81' lang='lat' dir='ltr'>civ..</span> 
     </span>
    </p>
   </div>
   <div class='ocr_carea' id='block_1_6' title="bbox 578 3197 1012 3258">
    <p class='ocr_par' dir='ltr' id='par_1_7' title="bbox 578 3197 1012 3258">
     <span class='ocr_line' id='line_1_44' title="bbox 578 3197 1012 3258; baseline 0.002 -16"><span class='ocrx_word' id='word_1_305' title='bbox 578 3199 599 3248; x_wconf 88' lang='grc' dir='ltr'>Ἰ,</span> <span class='ocrx_word' id='word_1_306' title='bbox 615 3197 669 3254; x_wconf 80' lang='lat' dir='ltr'>tort.</span> <span class='ocrx_word' id='word_1_307' title='bbox 677 3201 777 3251; x_wconf 78' lang='lat' dir='ltr'>Aetolus,</span> <span class='ocrx_word' id='word_1_308' title='bbox 787 3213 814 3244; x_wconf 88' lang='lat' dir='ltr'>en</span> <span class='ocrx_word' id='word_1_309' title='bbox 825 3202 933 3258; x_wconf 86' lang='lat' dir='ltr'>reppelnnt</span> <span class='ocrx_word' id='word_1_310' title='bbox 943 3205 1012 3244; x_wconf 84' lang='lat' dir='ltr'>tontes</span> 
     </span>
    </p>
   </div>
   <div class='ocr_carea' id='block_1_7' title="bbox 583 3263 1013 3320">
    <p class='ocr_par' dir='ltr' id='par_1_8' title="bbox 583 3263 1013 3320">
     <span class='ocr_line' id='line_1_45' title="bbox 583 3263 1013 3320; baseline 0.016 -16"><span class='ocrx_word' id='word_1_311' title='bbox 583 3268 651 3317; x_wconf 77' lang='lat' dir='ltr'>sortes</span> <span class='ocrx_word' id='word_1_312' title='bbox 662 3263 1013 3320; x_wconf 62' lang='grc' dir='ltr'>11111165ευ45,ιίόεὴοηοη·οοιμ</span> 
     </span>
    </p>
   </div>
   <div class='ocr_carea' id='block_1_8' title="bbox 0 0 1146 3496">
    <p class='ocr_par' dir='ltr' id='par_1_9' title="bbox 0 0 1146 3496">
     <span class='ocr_line' id='line_1_46' title="bbox 0 0 1146 3496; baseline 0 4"><span class='ocrx_word' id='word_1_313' title='bbox 0 0 1146 3496; x_wconf 95' lang='lat' dir='ltr'> </span> 
     </span>
    </p>
   </div>
  </div>
 </body>
</html>
