2284 3496
145 127 176 178 44
326 173 330 182 ,
365 131 533 180 Pntutrnlna
552 130 700 188 SECUNDA,
717 130 785 186 xllt,
801 129 840 179 33.

145 243 208 308 haec
220 261 338 308 summa
356 254 401 307 est
421 243 622 307 conclusionis
636 261 728 309 mea:
750 243 892 324 quoniam
906 245 1055 309 scelerea

144 349 174 404 te
190 341 305 404 liberati
320 347 400 419 sunt,
415 341 569 404 abeodem
584 341 779 422 amplissimis
795 341 924 422 praemiis
937 341 1053 422 dignis-

145 439 236 500 simos
247 439 406 518 judicatos.
425 438 530 519 Itaque
541 439 604 518 jam
620 439 741 500 retexo²
758 437 922 502 orationem
937 458 1049 502 meam.
1137 443 1138 454 ¹

145 534 278 600 Scribam
291 535 328 598 ad
343 535 412 596 illos
426 543 469 611 ut,
484 536 508 596 si
524 537 574 612 qui
588 534 663 596 forte
676 534 757 616 qnod
772 554 789 594 a
807 543 835 596 te
851 535 923 598 mihi
945 536 1049 616 objec-

144 640 206 693 tum
229 639 273 693 est
292 639 425 712 quaerent
437 633 513 693 sitne
527 651 641 706 verum,
666 650 702 695 ne
726 633 774 692 cui
796 638 913 710 negent.
930 631 1049 695 Etenim
1137 639 1138 694 ἶ

142 748 245 792 vercor
259 748 296 790 ne
312 736 363 793 ant
377 729 525 791 celatnm³
544 747 589 790 me
611 727 671 790 illis
693 729 766 808 ipsis
789 729 1047 808 non'honestnm,
1137 803 1138 812 ἵ

141 833 193 887 ant
217 826 372 888 invitatum
400 826 545 904 refugisse
572 825 646 886 mihi
672 827 709 886 sit
736 824 955 906 turpissimum.
977 827 1048 901 Qua

44 917 46 922 ’
141 923 221 985 enim
240 941 290 984 res
305 913 448 1003 unquam,
470 941 526 1004 pro
552 932 654 985 sancte
680 921 809 1002 Jupiter!
836 941 896 984 non
915 924 1001 985 modo
1017 924 1048 984 in
1137 991 1138 996 γ

140 1020 195 1082 hac
212 1019 295 1092 urbe,
314 1020 412 1082 sedin
428 1019 566 1082 omnibus
581 1019 669 1082 terris
685 1027 731 1081 est
743 1026 826 1098 gesta
847 1019 965 1098 major?
979 1039 1047 1100 quae
1137 1075 1138 1080 ,

141 1117 325 1194 gloriosior?
352 1135 417 1197 quae
447 1117 683 1179 commendatior
712 1115 868 1178 hominum
896 1117 1048 1180 memoriae
1137 1181 1138 1198 ξ

139 1213 346 1293 sernpitemae‘?
362 1212 501 1293 inhujus
526 1231 573 1274 me
596 1221 627 1274 tu
648 1213 766 1276 consilii
793 1213 962 1275 societatem
979 1221 1046 1274 tan-
1137 1199 1138 1216 ¹

89 1307 91 1312 ’
139 1328 227 1390 quam
243 1310 275 1372 in
290 1329 400 1392 equum
416 1311 577 1390 Troianum
597 1329 664 1372 oum
686 1310 870 1391 principibus
891 1309 1044 1372 includis?

177 1407 226 1468 33.
249 1407 314 1470 Non
335 1427 458 1482 recuso;
480 1427 534 1486 ago
557 1409 646 1471 etiam
670 1407 793 1487 gratias,
809 1425 931 1488 quoquo
946 1408 1044 1468 animo

136 1505 219 1567 sacis
236 1506 328 1568 Tanta
343 1506 422 1568 enim
436 1525 485 1567 res
506 1514 562 1584 est,
586 1513 618 1566 ut
636 1505 776 1566 invidiam
792 1506 891 1582 istam,
908 1525 998 1586 qnam
1012 1513 1043 1566 tu

137 1601 167 1662 in
184 1621 231 1666 mc
245 1602 287 1663 vis
303 1603 464 1678 concitare,
487 1621 555 1664 cum
577 1601 665 1662 lande
687 1620 747 1662 non
768 1620 948 1684 comparem.
967 1602 1043 1676 Quid

136 1701 215 1763 onim
233 1699 348 1762 beatius
373 1700 435 1762 illis
455 1718 530 1781 quos
552 1707 583 1760 tn
605 1698 742 1780 expulsos
766 1719 783 1762 a
805 1708 834 1762 te
850 1701 997 1781 praedicas
1013 1708 1043 1764 et

135 1798 317 1876 relegatos.
290 1797 322 1842 ro
334 1817 386 1878 qur
377 1797 483 1860 locus
498 1805 542 1861 est
557 1804 678 1860 nuttam
693 1797 830 1860 desertus
846 1806 897 1859 aut
912 1806 973 1860 tam
994 1799 1042 1859 iu·

134 1894 282 1957 humanus
296 1897 346 1977 qui
372 1897 451 1973 iilos,
468 1915 536 1958 cum
549 1895 740 1972 accesserint,
763 1914 822 1957 non
843 1897 928 1958 affari
951 1904 1039 1978 atque

134 1993 296 2074 appetere²
324 1993 479 2057 videatur?
506 1993 557 2075 qui
578 1993 714 2054 homines
741 1999 801 2054 tam
828 2001 960 2073 agrestes
989 1995 1039 2074 qui
1111 1984 1114 1989 ’

134 2108 177 2166 se,
194 2109 263 2152 cum
278 2109 329 2152 eos
351 2091 550 2172 adspexerint,
575 2110 635 2152 non
657 2089 819 2152 maximum
843 2092 958 2172 cepisse
973 2093 1040 2153 vitae

133 2187 263 2249 fructum
281 2188 407 2269 putent?
429 2207 494 2269 quae
517 2207 587 2250 vero
607 2194 668 2249 tam
689 2188 849 2274 immemor
869 2188 1038 2268 posteritas

133 2304 199 2365 qnae
213 2292 272 2346 tam
296 2286 419 2365 ingratae
438 2286 544 2348 litterae
558 2285 747 2394 reperieptur
763 2305 828 2367 quae
849 2305 954 2349 corum
976 2287 1036 2364 glo-

131 2383 207 2444 riam
231 2402 290 2444 non
312 2383 541 2446 immortalitatis
566 2381 708 2444 memoria
732 2384 972 2465 prosequantur?
994 2384 1037 2445 Tu

133 2497 200 2540 vero
214 2457 350 2541 adscribe
365 2498 413 2542 me
428 2481 540 2542 talem
532 2500 563 2540 m
579 2498 770 2541 nnmerum
747 2483 759 2516 3

130 2644 206 2696 dead„
217 2644 234 2692 1,
243 2642 281 2686 30:
290 2644 357 2686 omae
368 2643 425 2696 quod
435 2645 469 2686 s'to
477 2645 554 2696 ddun—
612 2657 652 2687 rou
661 2645 786 2695 l'aroue.nd
797 2647 867 2694 Fora..
880 2645 905 2692 X.
918 2643 952 2698 28,
960 2646 1006 2696 Ml,
1014 2645 1035 2688 d.

129 2710 190 2749 ctum
205 2708 235 2748 att
252 2706 318 2758 poast
336 2719 345 2745 r
367 2709 407 2748 ant
429 2708 497 2748 ettam
514 2711 554 2749 eut
638 2711 682 2750 88.
712 2711 729 2749 t.
747 2700 988 2759 sozopontanae.
1006 2720 1033 2750 en

129 2777 175 2810 aton
188 2781 206 2807 a.
222 2791 246 2798 -
263 2767 284 2810 2.
299 2769 376 2822 itaquo
388 2771 474 2815 retexo.
490 2780 554 2822 parce
611 2769 687 2812 faisant
697 2769 776 2810 donner
785 2768 822 2809 des
831 2769 944 2822 provinces
956 2767 1029 2810 idru-

67 2825 78 2836 “
129 2829 287 2881 qn'iivicutde
303 2829 555 2884 nierqn'ilidtlecorn·
610 2835 646 2872 tus
665 2836 687 2872 et
705 2830 717 2871 'a
738 2830 830 2878 Cassius,
850 2830 928 2872 n'avait
946 2829 1028 2872 d’antre

129 2891 186 2945 pttca
206 2891 245 2933 des
260 2891 365 2946 conjures.
376 2915 401 2928 -·-
417 2891 437 2934 3.
450 2891 554 2935 Galatam
608 2891 645 2934 bnt
657 2905 697 2946 qne
707 2891 733 2933 de
744 2891 778 2932 ies
790 2889 890 2946 e'loipnar
903 2892 929 2934 de
942 2892 1027 2934 1’ltalie.

128 2963 163 2996 mc
177 2954 250 3006 (esset.
267 2955 305 2996 Les
318 2953 418 3008 conjurc's
434 2967 459 2996 se
476 2954 553 2996 cartre·
607 2954 661 2996 -2,
679 2953 750 3005 apert
769 2957 837 3006 atquc
853 2957 966 3008 oppetere,
977 2966 1029 2996 sou-

128 3013 446 3058 rentre'eliementdeCicdron:
456 3022 553 3072 Κικέρωνα
607 3016 674 3057 haiter
695 3016 714 3055 ln
732 3014 851 3058 bionvenue
865 3021 888 3058 et
901 3015 1033 3060 accueillirir

42 3071 43 3074 ’
128 3077 424 3132 aaaxpu'pamtpint.‚Br·ut.‚
438 3077 552 3132 tapcr'ce'n
606 3077 654 3118 bras
665 3077 822 3121 ceresta-a.
831 3080 906 3122 Talem
917 3079 942 3122 in
954 3083 1033 3121 adme-
