2284 3496
115 51 147 103 ⁸4
205 63 207 67 ’
296 51 468 110 rutrtrrtct
485 51 630 125 SECUNDA,
646 49 776 113 XXXVIII,
792 49 831 102 96.

116 187 328 248 nunquam-
348 186 466 250 semper
482 169 567 238 ¹anion
590 167 707 232 absenti
733 167 804 230 adut
830 167 967 248 Dejotaro
980 200 1025 212 —-

38 279 39 282 ’
116 265 1025 348 quidquamsibi‚quodnosproillopostularemus²,aequum

115 363 188 428 dirit
205 363 309 427 rideri.
328 365 502 446 syngrapha
519 363 647 429 sestertii
664 365 798 426 centies²
820 383 874 446 per
895 365 1023 443 lagaros,

109 462 195 526 viros
223 461 328 537 bonos,
349 461 402 528 sed
424 463 546 526 tiruidos
569 470 599 526 et
617 462 790 543 imperitos,
814 463 881 524 sine
902 469 1021 538 nostra,

116 561 181 624 sina
200 561 384 643 reliquorum
403 561 554 642 hospitum
568 561 648 642 regis
662 561 812 624 sententia
830 559 908 624 iacta
921 561 952 622 in
966 579 1023 640 gp·
1124 563 1125 616 Τ

116 659 232 722 naacio³
255 667 310 732 est,
338 677 396 740 quo
422 658 453 720 in
480 660 546 722 loco
573 659 709 740 plurime
732 675 782 722 res
806 657 964 720 venierunt
994 667 1027 722 et

115 764 254 820 veneunt.
268 756 332 829 Qua
349 775 384 820 ex
395 757 574 837 syngrapha
587 755 660 837 quid
679 755 721 820 sis
738 764 861 819 acturus
877 755 1027 822 meditere

115 873 223 918 causeo
238 873 245 917 ε
260 873 313 918 rex
326 853 406 917 anim
418 852 484 936 ipsc
497 862 681 937 sua-sponte,
696 852 788 921 nullis
801 852 1026 919 commentariis
1124 923 1125 932 χ

117 953 240 1018 Caesaris
250 953 275 1030 ⁸,
304 951 393 1016 simul
420 960 511 1035 atque
531 952 649 1016 ¹auditrit
677 953 744 1033 ejus
780 952 947 1038 interitum,
970 970 1027 1014 suo

120 1051 214 1116 Marte
227 1069 277 1114 res
293 1069 362 1115 suas
376 1051 563 1131 reciperavit.

157 1150 207 1212 96.
228 1147 348 1213 Sciebat
360 1147 451 1210 horno
464 1148 583 1230 sapiens
595 1149 646 1229 jus
658 1165 781 1230 semper
792 1148 849 1210 hoc
863 1147 968 1223 inisse,
979 1155 1027 1226 ut,

119 1264 185 1330 quae
193 1244 310 1328 tyranni
323 1245 571 1327 eripuissent,aa,
584 1246 904 1328 tyrannisintertectm
923 1246 945 1309 ii
961 1245 1030 1327 qui·

118 1345 174 1407 hus
188 1351 293 1427 erepta
308 1352 410 1408 essent
422 1345 640 1428 reciperarent.
656 1345 749 1408 Nemo
763 1344 855 1424 igitur
868 1345 939 1425 jure
953 1361 1029 1409 con·

120 1442 226 1519 saltus,
241 1461 279 1504 ne
290 1442 362 1506 iste¹
378 1443 501 1526 quidem
516 1444 569 1526 qui
585 1443 639 1506 tihi
656 1443 707 1508 uni
720 1450 770 1506 est
780 1443 848 1523 jure
861 1443 1028 1520 consultus,

121 1559 175 1624 per
190 1559 279 1623 qoem
294 1541 357 1604 naee
371 1541 446 1620 egis,
462 1559 496 1604 cn
513 1540 572 1604 ista
584 1541 753 1624 syngrapha
762 1539 862 1604 deberi
880 1540 959 1604 dtcet
974 1559 1030 1622 pro

120 1638 160 1702 iis
172 1638 263 1700 rebus
274 1657 342 1720 quaa
356 1647 441 1702 erant
453 1645 521 1702 ante
537 1639 734 1720 syngrapham
750 1638 948 1720 reciperatae:
970 1657 1031 1700 non

122 1737 204 1801 enim
219 1756 237 1798 a
249 1743 279 1799 te
291 1737 374 1812 emit,
386 1737 451 1818 sed,
459 1737 634 1818 priusquam
641 1743 673 1798 tu
684 1735 858 1801 suumsihi²
872 1735 1029 1814 venderes,

121 1835 185 1917 ipse
201 1835 345 1916 possedit.
362 1835 417 1898 Itle
433 1834 478 1897 vir
495 1835 570 1912 Iuit3
589 1855 643 1899 nos
660 1835 785 1916 quidem
801 1835 1028 1914 contemnendi,

121 1933 174 2015 qui
189 1940 342 1994 auctorem
356 1933 487 2010 odimus,
503 1941 568 1995 arta
581 1931 781 1996 defendimus.

163 2028 319 2093 XXXVIII.
343 2029 390 2092 et.
417 2030 495 2106 Quid
518 2050 571 2112 ego
595 2017 878 2096 de'commcntariis
892 2029 1032 2110 infinitis,

122 2129 195 2212 quid
213 2127 251 2191 de
264 2128 533 2194 innumerabilibus
545 2129 751 2212 chirographis
766 2129 893 2214 loquar?
905 2149 1035 2212 quorum

123 2227 213 2290 etiam
231 2227 385 2292 institores
402 2235 481 2308 sunt,
499 2228 551 2312 qui
571 2245 606 2292 ea
622 2235 767 2314 tauquam
782 2229 981 2309 gladiatorum
998 2225 1036 2290 ti-

150 2470 194 2509 οὕ.
212 2466 232 2508 t.
254 2469 435 2513 Portetcremrrr.
458 2469 484 2511 Le
503 2469 553 2512 sub·
605 2471 675 2520 sarta,
708 2481 758 2512 sans
795 2467 829 2512 Ias
862 2467 974 2513 mtanoIros
1005 2466 1036 2512 da

123 2527 203 2582 jonatit
211 2531 309 2584 presente
326 2529 347 2572 lc
362 2531 403 2572 r'rit
418 2541 499 2573 comma
514 2531 554 2574 tat·
606 2530 677 2576 Gerar.

126 2594 172 2632 sant
183 2590 249 2646 partic
263 2591 290 2634 dc
305 2593 425 2635 l’aascrtion
441 2591 467 2635 dc
481 2593 552 2636 deser.
632 2599 677 2637 κ.
690 2594 710 2636 t.
726 2595 777 2644 Icta,
788 2595 947 2650 probablemant
958 2594 1038 2636 Sextus

124 2669 151 2684 a
165 2653 188 2695 a.
208 2655 313 2697 seaeant
332 2655 425 2704 eontra.
447 2655 482 2697 an
506 2656 554 2699 nn·
607 2656 857 2705 cruciamentorum
869 2657 953 2700 croam
965 2654 1038 2698 rann
1124 2643 1125 2654 ¹

124 2714 191 2757 lions.
223 2715 255 2759 en
280 2717 325 2758 voit
357 2717 419 2771 qu’on
452 2717 554 2760 ddclinait
608 2719 664 2762 sorni
684 2731 738 2774 pour
752 2719 839 2774 rddecr
859 2731 893 2762 aaa
914 2715 1038 2774 protendo
1124 2733 1125 2768 p

125 2777 192 2820 memo
231 2781 369 2830 sestertium,
410 2780 445 2834 qui
480 2780 554 2823 n'dtait
609 2781 658 2832 lois,
673 2781 835 2835 etqu'hntoine
848 2779 1039 2836 avaitrappetddc

125 2853 152 2882 au
179 2846 361 2884 commencemcnt
390 2844 453 2896 qu'un
477 2843 557 2897 penitiI
607 2843 746 2886 herib-2.
763 2845 835 2888 Suram
849 2845 899 2888 croi.
916 2844 933 2886 II
945 2841 1041 2885 faudrait

125 2901 210 2958 ptariot.
230 2927 257 2934 -
282 2904 302 2946 3.
330 2906 356 2947 In
384 2907 492 2956 ponceio.
524 2904 555 2946 On
609 2906 1039 2960 grammaticalemantsuamctour'pm':

124 2963 213 3019 ndgocia
237 2966 327 3008 t'rttnirc
353 2976 403 3008 aver
429 2966 509 3010 Fulvia.
530 2989 555 2998 -
609 2981 636 3010 οη
650 2968 705 3012 atma
722 2967 734 3010 “a
753 2969 863 3011 mattraio
880 2981 967 3025 pronom
986 2979 1039 3022 per·

125 3027 147 3071 t.
184 3027 260 3072 Nullis
301 3031 468 3074 commentariis
506 3029 555 3074 διὸ·
612 3027 987 3087 sonnolrrecl'adjcctitpossasait.
