2284 3496
246 245 248 250 -
318 197 654 272 circumcisionum,
671 212 742 271 uxr,
759 205 798 262 re.
981 209 1013 261 or

110 334 291 415 bus,praeter
304 338 417 414 partem
431 328 566 406 ltliscni¹,
579 327 655 392 nihil
669 334 731 390 erat
741 325 821 408 quod
835 326 926 408 isqui
940 344 1010 390 aue-

106 431 273 494 tiouaretur
284 436 385 516 posset
399 445 487 490 suum
499 426 612 490 dicere.
628 423 861 488 Auctionisvero
873 424 1006 496 misera-

107 522 178 586 bilis
205 520 383 602 adspectus:
408 518 520 582 restis³
557 516 678 598 Pompei
707 535 767 578 nou
794 516 887 578 multa
911 533 1008 597 eaque

107 619 271 697 maculosa,
288 617 423 700 ejusdem
452 615 588 698 quedam
616 622 758 696 argentea
789 631 859 676 vasa
891 613 1008 690 collisa,

108 716 262 780 sordidata
281 715 443 796 mancipia,
465 721 497 776 ut
517 713 687 776 doleremus
697 710 867 794 ¹quidquam
888 730 954 776 esse
974 729 1009 774 ex

105 815 167 878 illis
183 813 339 897 reliquiis*
358 812 439 895 quod
454 811 553 874 ridere
573 829 741 893 possemus.
1063 811 1070 824 ‘

146 913 194 974 ll.
211 911 294 974 Hauc
307 917 407 972 tamen
428 909 598 972 auctionem
617 907 761 973 heredes¹
784 905 817 969 L.
835 905 939 970 Rubrii
952 905 1007 969 de-

106 1017 187 1072 creto
207 1008 331 1075 Caesaris
347 1006 575 1089 prohibuerunt.
594 1004 732 1068 Haerebat
748 1003 871 1081 nebulo,
894 1023 953 1086 quo
970 1021 1007 1067 se

104 1115 231 1170 verteret
248 1125 308 1170 nou
324 1105 464 1169 hahebat.
480 1103 558 1178 Quin
577 1103 625 1166 his
640 1103 715 1185 ipsis
726 1101 909 1184 temporibus
924 1100 1006 1164 domi

104 1205 229 1270 Caesaris
250 1221 410 1286 percussor
429 1202 465 1266 ab
485 1203 543 1266 isto
569 1201 678 1264 missus
694 1201 900 1283 deprehensus
922 1199 1009 1264 dice·

103 1302 191 1365 batur
207 1319 275 1364 esse
297 1319 363 1363 cum
379 1302 452 1378 sica,
469 1300 506 1362 de
527 1310 587 1380 que
601 1299 700 1362 Caesar
723 1299 753 1362 iu
775 1304 880 1360 senatu
902 1304 1006 1379 aperte

102 1400 172 1462 inte
183 1399 328 1461 invehens
338 1405 460 1479 questus
475 1402 530 1460 est.
544 1395 747 1458 Proficiscitur
761 1393 793 1457 in
808 1394 1005 1476 Hispaniam’

104 1497 213 1574 cesar,
240 1495 343 1576 paucis
369 1493 423 1556 tibi
449 1493 487 1557 ad
515 1492 691 1556 solvendum
719 1499 842 1574 propter
871 1491 1004 1572 inopiam

103 1601 187 1658 tuam
215 1593 382 1676 prorogatis
409 1591 526 1655 diebus,
554 1591 597 1654 Ne
623 1598 687 1678 tum
712 1590 837 1672 quidem
856 1591 1005 1672 sequeris.

105 1691 179 1755 Tam
204 1691 301 1753 bouus
321 1691 471 1771 gladiator
491 1689 620 1754 rudem³
640 1697 703 1752 tam
718 1689 796 1752 cito?
811 1687 899 1752 Hunc
912 1687 1008 1767 igitur

107 1789 278 1872 quisquam,
300 1790 350 1870 qui
371 1787 402 1850 in
423 1788 485 1850 suis
507 1787 661 1870 partibus,
683 1786 714 1850 id
737 1787 832 1848 estin
854 1784 919 1848 suis
938 1785 1006 1848 lor·

101 1885 192 1963 tuuis‚
221 1893 281 1948 lam
311 1885 435 1948 timidus
452 1885 573 1964 luerit⁸‚
587 1883 799 1966 pertimescat?

139 1983 228 2046 XXX.
250 1985 300 2046 75.
323 1983 478 2048 Proiectus
495 1988 542 2046 est
562 1982 722 2064 aliquando
740 1983 861 2045 taudem
883 1981 916 2045 iu
934 1981 1006 2044 llis·

34 2167 37 2172 *
100 2080 231 2163 paulam,
247 2081 299 2143 sed
315 2087 378 2143 tuto
389 2081 413 2159 ¹,
430 2087 462 2142 ut
480 2081 531 2158 ait,
549 2080 704 2164 pervenire
722 2098 781 2142 non
797 2079 903 2162 potuit.
920 2080 1004 2154 Quo-

98 2195 167 2240 nam
183 2178 270 2240 modo
285 2178 376 2258 igitur
396 2176 550 2241 Dolabella
570 2178 727 2259 pervenit?
747 2178 807 2240 Aut
828 2196 888 2240 non
910 2177 1004 2238 susci·

96 2274 206 2358 pienda
218 2274 295 2337 luit¹
310 2275 368 2340 ista
383 2293 484 2354 causa,
500 2262 624 2350 Antoni,
637 2283 699 2352 aut,
715 2292 784 2339 curn
799 2274 997 2358 suscepisses,

93 2555 145 2600 pour
152 2555 219 2602 payer
227 2542 247 2586 lu
257 2555 338 2586 sommo
347 2544 382 2600 qui
392 2541 444 2588 &tait
453 2541 521 2588 rtctc·
574 2543 647 2595 aiam,
663 2541 690 2588 ou
708 2543 726 2588 ll
735 2543 776 2588 nlla
792 2542 910 2588 cornlonttrc
918 2543 951 2588 lec
964 2543 998 2588 lile

92 2605 204 2650 meo-9.
216 2605 400 2650 Partemllircut.
409 2605 519 2661 vomit&
574 2605 602 2650 «lo
615 2605 774 2662 Pompic-ss.
782 2609 874 2658 nouem,
890 2611 997 2650 rous-ent.

92 2667 175 2710 notce8
186 2674 208 2711 et
217 2666 238 2711 9.
251 2692 278 2701 -
287 2667 307 2711 ³.
324 2669 403 2717 Vectis.
418 2680 441 2711 r.
459 2669 470 2724 fl
484 2667 518 2718 66,
573 2671 683 2724 accipere,
708 2668 799 2724 prendre
818 2683 842 2714 aa
863 2671 961 2712 retrnltc.
974 2690 1001 2700 -

91 2735 143 2773 note
154 2729 175 2772 a.
183 2753 210 2762 -
218 2730 239 2774 l.
254 2729 407 2784 meliorescit
421 2731 454 2786 η’]
463 2731 520 2780 aruit
572 2730 593 2775 l.
608 2733 635 2777 lo
645 2733 695 2776 rute
705 2734 812 2785 parceres
858 2732 957 2778 timidae.
973 2731 1001 2772 ti·

91 2791 180 2846 quodue
194 2797 269 2843 rentes,
285 2793 378 2837 Antoine
392 2797 457 2846 cpont
471 2791 519 2848 dcii
572 2793 629 2836 mide
640 2793 707 2848 qunnd
724 2794 739 2836 il
754 2794 817 2849 e’aglt
828 2793 854 2835 de
865 2791 956 2836 l’lnterer
973 2792 1000 2834 de

90 2852 159 2896 aliene
170 2855 192 2896 ln
209 2855 257 2910 plur
269 2854 353 2910 grande
371 2853 441 2910 partie
452 2853 479 2898 dc
494 2868 518 2898 ce
573 2867 611 2898 suu
627 2856 689 2910 parti.
702 2857 730 2899 Ge
744 2855 817 2898 n'etalt
829 2867 867 2910 pus
881 2854 902 2896 la
915 2853 999 2897 lachete

91 2915 142 2970 qu’il
153 2913 223 2958 e'etrit
234 2916 272 2958 leit
284 2915 383 2972 adjugcr.
571 2918 606 2972 qui
618 2918 709 2960 retenuit
719 2917 812 2960 Antcinc
827 2917 840 2960 i
859 2918 936 2968 llcrne,
948 2928 999 2960 mare

118 2981 162 3020 14.
179 2977 201 3020 l.
214 2978 310 3022 Heredes
319 2982 340 3023 l.
356 2979 446 3022 Rubrii.
463 2979 516 3034 Voy.
571 2991 607 3023 ees
618 2980 686 3034 pricle
696 2984 769 3022 contre
779 2978 851 3023 Gc'sar.

89 3039 142 3094 tto,
150 3041 191 3094 lla.
202 3041 240 3083 Lee
253 3039 355 3084 herillors
368 3041 477 3096 logitlmes
490 3039 518 3086 de
598 3046 640 3086 15.
662 3041 681 3085 l.
698 3041 758 3086 Tute.
771 3042 823 3096 ch.
841 3041 931 3092 lutrotl„
949 3041 994 3098 flti.

89 3101 181 3146 llubrlue
196 3101 517 3160 reclamlmntuneportledea
570 3101 629 3147 -2
654 3105 804 3158 Suscipiendo
823 3105 876 3158 fuit,
898 3104 986 3148 indicati

89 3165 150 3210 blena
163 3164 205 3210 mle
224 3176 252 3208 en
267 3169 337 3210 rente.
350 3188 377 3200 -
392 3163 415 3210 9.
432 3167 515 3224 Hispa-
570 3165 623 3212 dunc
634 3165 655 3212 le
668 3179 721 3212 eene
735 3165 763 3212 du
774 3167 921 3214 conditioaael
934 3165 996 3212 trin·
