2284 3496
292 155 465 206 PHILIPPICA
480 154 629 214 SECUNDA,
648 155 702 210 IIII,
717 152 756 202 29.
943 151 972 202 II

68 277 153 333 natus
188 288 276 351 quam
306 270 454 351 particeps
481 287 547 331 esse
578 269 695 330 maluit.
729 267 775 330 Au
803 267 837 330 L.
866 266 973 330 Tillius

67 369 205 432 Cimber⁸
225 387 273 430 me
296 373 341 429 est
362 377 513 430 auctorem
531 367 671 428 secutus‘l
694 383 783 446 quem
804 383 858 444 ego
877 365 971 446 magis

66 464 172 527 secisse
187 465 269 526 illem
283 483 346 526 rem
370 483 436 526 sum
456 463 619 526 admiratus
641 449 732 544 quam
746 462 894 524 facturum
916 483 974 543 pu-

65 561 132 639 tavi,
162 562 325 624 admiratus
352 569 452 623 autem
491 559 529 622 ob
555 579 620 624 eam
649 579 768 622 causam
801 561 881 640 quod
910 561 968 622 im-

65 677 180 721 memor
198 659 422 735 beneficiorum,
451 677 565 720 memor
586 657 689 736 palriae
715 657 853 719 luisset⁷.
872 657 972 730 Quid?

64 751 140 814 duos
154 750 314 814 Servilios⁸
336 787 376 796 -
389 750 495 814 Cascas
510 751 608 814 dicam
624 770 662 812 an
681 749 833 812 dhalas⁹t
845 773 886 796 ¹-
910 760 939 813 et
947 751 972 788 ¹⁰

63 849 118 910 hos
148 849 324 912 auctoritate
357 867 423 910 mea
452 865 557 910 censes
585 848 727 910 excitatos
755 847 853 928 potius
881 867 971 929 quam

62 946 185 1008 caritate
204 946 411 1028 reipublicae?
432 945 566 1024 Longum
587 947 665 1008 estM
686 943 827 1026 persequi
842 953 968 1023 eeteros,

59 1038 150 1120 idque
185 1042 229 1102 rei
258 1040 386 1121 publicae
409 1039 600 1120 praeclarum,
635 1038 729 1100 fuisse
758 1045 818 1100 tam
846 1038 967 1110 multos,

62 1137 135 1216 Ipsis
151 1137 326 1216 gloriosum.

99 1233 163 1295 Xll.
178 1233 228 1295 28.
241 1233 290 1311 At,
304 1235 553 1316 quemadmodum
562 1253 610 1296 me
623 1234 793 1313 coarguerit
804 1235 970 1296 homoncu-

59 1329 969 1410 tus,recordamini.Caesareinterlecto‚inquit,statimcrueu·

60 1435 122 1488 tum
138 1427 198 1488 alte
212 1426 356 1488 extollens
366 1426 478 1488 Brutus
490 1426 651 1507 pugionem
667 1426 861 1488 Ciceronem¹
875 1427 969 1488 nomi·

62 1525 157 1588 natim
178 1525 354 1586 exclamavit
374 1531 462 1604 atque
486 1527 513 1585 ei
533 1522 730 1604 reciperatam
745 1523 912 1586 libertatem
925 1532 968 1584 est

57 1624 235 1702 gratulatus
252 1622 311 1685 Gur
326 1621 399 1682 mihi
416 1621 624 1702 potisSImum‘?
641 1621 712 1703 quia
728 1620 879 1683 sciebam‘l
892 1619 968 1682 Vide

57 1721 115 1782 ne²
131 1719 183 1780 illa
201 1739 292 1788 causa
312 1718 403 1781 luerit
423 1719 594 1800 appellandi
618 1718 687 1796 mci,
704 1717 795 1799 quod,
814 1737 881 1780 oum
903 1735 967 1778 rem

57 1817 200 1895 gessisset
213 1815 399 1878 consimilem
419 1816 508 1879 rebus
523 1816 558 1878 ils
579 1835 652 1896 quas
665 1815 730 1897 ipse
744 1833 905 1896 gesseram,
918 1833 967 1877 me

57 1915 248 1995 potissimum
264 1920 388 1977 testatus
402 1920 448 1976 est
463 1933 496 1976 se
515 1915 654 1976 aemulum
680 1931 814 1976 mearum
830 1911 965 1974 laudium

57 2013 217 2074 exstidsse.

103 2111 153 2172 29.
184 2109 360 2186 luentem,
388 2109 520 2170 omnium
550 2109 736 2186 stultissime,
767 2127 826 2170 nou
849 2107 964 2170 intelli-

55 2209 113 2287 gis,
128 2207 153 2268 si
168 2206 199 2268 id
214 2206 293 2287 quod
309 2224 356 2268 me
376 2207 488 2285 arguis,
510 2206 639 2268 voluisse
658 2205 787 2268 interfici
803 2205 961 2281 Caesarem,

52 2419 73 2462 6.
85 2419 172 2464 Cimber
183 2417 253 2461 doum
263 2430 304 2460 eux
314 2415 444 2472 conjurdslo
452 2417 480 2460 si·

52 2481 134 2535 gualdo
142 2481 243 2535 l’attuque
251 2484 325 2522 contre
335 2477 407 2528 cesar,
418 2478 479 2522 enlul

52 2545 165 2585 urracham
179 2542 200 2584 la
218 2543 269 2585 robo
286 2541 326 2584 des
340 2541 436 2596 dpuulos.
452 2565 479 2574 -

52 2605 72 2647 I.
97 2607 191 2657 raneos,
220 2617 246 2646 au
267 2604 389 2658 sublonctil,
417 2616 480 2658 parco

53 2679 92 2720 que
99 2666 193 2716 lomotif,
202 2666 294 2720 quoique
303 2665 375 2708 donne
380 2678 417 2720 pur
427 2665 480 2707 l'au·

53 2728 226 2779 teurlui-mdmo,
239 2729 395 2784 uppardentau
410 2732 478 2781 temps

52 2789 122 2844 passe.
129 2814 154 2821 -
161 2789 181 2830 8.
197 2791 257 2833 Duce
267 2791 382 2838 Servilios,
392 2788 480 2831 Publius

51 2851 154 2893 Servilius
163 2852 236 2903 Casca,
248 2853 282 2905 qui
290 2857 350 2906 porta
360 2852 379 2894 le
388 2851 479 2906 premier

52 2927 105 2967 coup
125 2911 138 2954 al
157 2913 227 2961 Cesar.
249 2919 270 2956 et
291 2915 355 2957 Galus
377 2912 479 2956 Servilius

51 2977 161 3018 Casca-
176 2973 197 3016 9.
213 2978 304 3019 Abatos.
328 2975 345 3018 II
369 2976 403 3030 n'y
424 2977 479 3016 avait

50 3040 97 3092 plus
109 3038 167 3080 alors
176 3036 202 3079 de
215 3037 316 3080 semibus
332 3051 382 3080 avoc
395 3038 415 3080 le
430 3050 479 3079 sur-

52 3113 100 3143 nom
112 3099 209 3141 d’nuula.
222 3098 310 3141 Cchrou
321 3112 348 3141 ne
365 3099 404 3141 luit
416 3112 476 3142 som-

535 2416 592 2460 blaut
605 2415 710 2460 d'lrdsiter
722 2419 782 2460 entre
793 2417 830 2468 los¹
838 2415 893 2460 deux
902 2429 964 2460 nouus
1007 2418 1009 2424 '

534 2492 576 2534 que
589 2491 643 2533 pour
663 2477 767 2533 ddsIgner
785 2479 818 2521 les
837 2479 891 2521 deux
908 2491 962 2521 cou-

532 2540 593 2596 turdc
604 2553 685 2584 commo
697 2541 773 2596 dignes
782 2540 923 2584 descendants
935 2540 962 2582 de

534 2604 556 2646 G.
567 2603 667 2646 Servilius
680 2603 758 2655 Ahalm
768 2603 797 2646 cf.
805 2603 816 2658 fi
825 2602 860 2654 26,
876 2607 924 2644 uoto
939 2602 961 2644 7.

533 2687 559 2696 —
572 2665 604 2708 10.
617 2668 644 2710 Et
657 2665 754 2720 dquiraut
770 2665 782 2708 l
802 2667 877 2708 ettam
887 2687 914 2696 -
926 2663 962 2707 II.

534 2728 631 2780 wopam
645 2734 686 2778 cot,
700 2727 796 2770 iudIcotil
805 2727 859 2769 daus
879 2726 898 2767 lo
910 2737 961 2768 sons

533 2788 560 2831 du
575 2789 718 2833 conditionuel
728 2788 828 2839 Iraucois.

560 2856 602 2894 28.
620 2852 640 2893 l.
662 2853 796 2895 Ciceronem.
813 2853 870 2892 Areo
883 2851 959 2892 cccm-

533 2925 595 2956 mare
612 2920 633 2955 et
648 2914 679 2955 les
693 2913 768 2954 verbes
789 2910 923 2961 semblables,
933 2925 960 2954 ou

534 2982 607 3017 trouve
618 2974 628 3015 l
639 2975 756 3017 l'uccusatil
765 2987 789 3016 ce
804 2987 844 3029 que
857 2987 908 3016 nous
922 2987 960 3016 ox-

534 3039 630 3091 prirnons
645 3050 682 3092 pur
695 3036 715 3078 le
730 3037 815 3080 vocatis.
831 3060 856 3067 -
871 3035 891 3078 2.
908 3038 959 3080 the

532 3111 568 3149 nc,
582 3111 645 3153 ropeu
657 3100 701 3142 si..
712 3111 764 3142 ne...
779 3113 825 3156 pus.
