2284 3496
133 173 164 222 m
365 144 830 226 rmmrmmsuuuum,vrum

133 290 295 353 contentio.
305 289 451 352 Vitricum
465 294 548 348 tuum
563 286 656 347 luisse
670 285 702 345 in
716 289 799 346 tento
815 282 949 344 scelere³
965 283 1041 345 lete-

134 389 215 460 bare,
242 405 330 468 poene
359 385 496 448 effectum
532 382 707 465 querebare.
735 383 781 445 lte
806 381 886 462 quod
918 379 1041 462 proprie
1104 369 1107 375 ’

134 504 234 548 meum
244 494 299 558 est,
313 484 458 562 laudasti3
471 483 552 564 quod
566 488 659 543 totum
672 487 716 542 est
727 487 858 552 senatus,
873 479 1043 560 reprehen-

136 583 230 646 disti:
247 601 316 644 nem
332 581 561 662 comprehensio
577 577 707 641 sontium
728 595 805 651 meu,
822 576 1043 638 animadversio

136 689 258 744 senatus
273 680 339 742 fuit.
359 679 453 740 Homo
469 678 597 740 disertus
616 691 676 738 non
697 675 839 754 intelligit
860 689 929 736 eum
950 693 1044 758 quern

137 772 1042 856 coutre⁴dicitlauderiaeduosapudquoedicitvituperori.

179 877 228 938 te.
244 875 310 938 lem
322 873 397 936 illud
413 874 498 954 cujus
521 879 576 945 est,
594 887 653 934 non
674 872 740 934 dico
755 871 886 934 audacior
900 902 939 917 -
961 872 1045 953 cupit

139 974 219 1036 enirn
232 991 265 1034 se
279 972 440 1034 eudecem¹
453 1001 489 1020 υ
501 1017 510 1050 ,
520 970 585 1044 sod,
594 970 675 1050 quod
686 969 809 1030 minime
817 969 890 1041 vult,
898 967 1043 1046 stultitiae,

139 1071 431 1152 quevincitomues,
454 1067 522 1131 clivi
546 1067 704 1148 Capitolini
724 1067 905 1128 montionem
931 1064 1044 1145 lacere,

141 1186 209 1231 cum
221 1167 300 1228 iuter
315 1165 568 1227 subsellienostre
584 1171 740 1226 versentur
758 1163 908 1226 armati¹l
925 1175 993 1224 cum
1012 1165 1045 1226 in

140 1266 196 1326 huc
208 1263 475 1335 celleGoncordiue,
485 1257 514 1324 di
524 1261 718 1333 immortalee‚
731 1262 762 1322 in
773 1275 842 1342 quo,
852 1277 899 1324 me
909 1263 1043 1338 conmle,

144 1362 288 1425 solutares
307 1360 463 1422 sementim
485 1357 573 1422 dicim
594 1367 672 1432 sunt,
690 1358 799 1440 quibus
823 1360 860 1420 od
874 1360 951 1422 hanc
965 1359 1046 1422 diem

144 1459 282 1532 viximus,
298 1477 367 1519 cum
382 1455 489 1536 gladiis
511 1453 648 1519 hominos
663 1453 798 1518 collocati
813 1457 913 1518 stent?
933 1458 1048 1520 deense

147 1565 295 1628 senodum,
321 1573 429 1616 accuso
455 1562 622 1634 equestrem
647 1554 795 1626 ordinem,
822 1555 872 1634 qui
897 1557 958 1616 tum
979 1573 1048 1617 curn

146 1660 252 1716 senatu
272 1651 426 1732 copulatus
450 1651 537 1724 luit³,
556 1669 662 1712 accusa
676 1665 780 1712 onmes
795 1652 928 1730 ordines,
944 1669 1049 1715 omnes

147 1751 236 1821 civeS,
253 1749 325 1810 dum
342 1748 504 1809 confiteare
519 1747 599 1810 huno
613 1743 750 1810 ordinem
767 1748 822 1810 hoc
838 1749 903 1830 ipso
915 1755 1050 1830 tempore

147 1847 183 1908 ah
200 1845 328 1926 ltpraeis⁴
350 1844 576 1907 circumsederi.
605 1845 674 1907 llaec
696 1853 728 1907 tu
744 1864 804 1907 non
826 1852 947 1928 propter
961 1847 1051 1909 eude-
1133 1895 1134 1920 2

149 1943 226 2006 cium
253 1942 329 2004 dicis
355 1948 415 2002 tam
439 1942 639 2022 impudenter,
665 1942 718 2004 sed
742 1943 823 2022 quia,
843 1961 910 2006 cum
938 1949 1051 2008 tantum
1133 1931 1134 1946 ¹

150 2057 252 2102 rerum
269 2037 494 2118 repugnantium
511 2054 571 2100 non
587 2039 699 2112 videat,
721 2039 798 2102 nihil
813 2041 943 2121 prolecto
958 2042 1049 2123 sepis.

150 2136 228 2211 Quid
243 2144 289 2197 est
302 2135 381 2197 enirn
396 2135 563 2197 dementius
578 2155 677 2218 quarn,
698 2155 766 2199 cum
781 2139 826 2200 rei
845 2137 970 2219 publico
988 2153 1052 2220 per·

151 2234 264 2296 niciose
279 2249 362 2294 arum
374 2233 437 2313 ipse
455 2235 582 2314 ceperis,
599 2234 730 2314 objicere
744 2235 828 2296 elteri
842 2229 1001 2297 salutarie?

190 2331 241 2392 20.
267 2330 305 2392 At
333 2331 424 2392 etiem
449 2330 578 2411 quodem
599 2331 665 2392 loco
690 2331 802 2393 facetus
830 2347 895 2394 esse
920 2333 1050 2396 voluisti.

153 2427 247 2500 Quem
266 2427 299 2488 id
314 2433 353 2500 te,
363 2427 394 2489 di
408 2427 489 2500 boni,
500 2445 560 2504 non
575 2427 714 2490 decebat!
732 2430 835 2511 inquo
850 2433 956 2493 esttua
968 2429 1054 2512 culpo
1133 2431 1134 2458 l

153 2623 212 2662 note.
224 2641 251 2649 -
262 2617 282 2660 3.
295 2618 391 2667 Scelere,
410 2619 431 2662 lu
445 2620 577 2672 conjuration
631 2645 658 2654 -
669 2623 689 2666 ³.
707 2624 830 2676 copulatos
845 2624 900 2675 suit.
916 2624 974 2666 Celte
989 2625 1053 2666 union

153 2682 181 2734 de
203 2679 298 2734 Gutiliup,
315 2702 343 2712 -
356 2679 377 2726 l.
398 2680 468 2732 Quem
490 2687 577 2726 eontra.
631 2684 705 2727 intime
724 2697 752 2728 nu
773 2686 823 2728 dum
841 2693 878 2739 peu
891 2683 1055 2740 longumpon-

155 2741 194 2784 ces
230 2740 371 2796 propositione
397 2747 489 2791 contra.
517 2749 577 2793 eeu.
631 2746 652 2789 t.
665 2749 763 2799 renone.
776 2745 923 2799 coeruleum
939 2745 1055 2788 haererent

158 2805 335 2858 interstrepit&
351 2803 437 2850 wiredi
449 2805 578 2859 quelquotuis
634 2808 646 2850 d
664 2808 714 2850 l'est
733 2807 761 2850 du
781 2807 854 2856 liban,
873 2805 925 2848 duno
949 2806 969 2848 ln
988 2801 1054 2850 ssoeld-

155 2863 175 2908 lo
196 2861 270 2916 relutil
290 2865 326 2919 ml
348 2864 396 2914 leur
414 2872 459 2910 cerr
476 2866 503 2909 de
520 2877 578 2912 curu-
633 2871 701 2924 eyrle.
717 2871 786 2922 Apum
799 2865 834 2910 ue
850 2869 931 2910 toumlo
948 2867 1055 2923 parron-

155 2924 256 2982 elimat,
633 2930 680 2985 pule.
693 2927 720 2972 tu
739 2931 845 2974 esurient
858 2929 913 2973 dene
930 2930 962 2973 lec
976 2930 1054 2972 drudes

182 2990 225 3039 ln,
239 2985 260 3028 ¹·
279 2987 309 3035 ὅσ
326 2990 442 3040 men.
454 2993 579 3040 sermm.
633 2992 739 3040 mnrium
759 2999 840 3034 contiuo
860 2991 955 3036 mcum.
969 2989 1055 3036 tumme

154 3047 208 3101 *d
221 3048 354 3101 midi.
364 3061 408 3098 cur
418 3063 452 3097 me
465 3055 500 3096 tot
509 3055 580 3098 ratd-
633 3055 678 3099 o'en
688 3052 739 3103 tuit
752 3061 803 3096 eone
814 3053 877 3098 deute
890 3050 960 3105 luent
974 3063 1012 3098 uuo
1023 3060 1054 3096 uc-

60 3153 61 3156 ,
155 3110 368 3164 doceminor
382 3114 580 3168 moeretur.
633 3113 920 3178 pmedegurdeduccrpr.
