2284 3496
180 150 212 199 ’16
371 149 543 202 PHILIPPICA
559 151 708 213 SECUNDA,
724 151 828 210 xxxiv,
845 149 888 200 84.

178 265 267 328 rost?
281 283 377 348 neque
391 266 471 330 euim
482 276 512 330 te
526 267 564 330 de
578 268 649 330 calo
659 285 792 331 servasse
807 267 907 330 dixIsti
920 285 978 332 nee
991 267 1099 331 hodie

180 361 266 426 dicis.
283 362 316 425 ld
330 363 422 444 igitur
435 365 555 427 obvenit
575 364 680 429 vitium
700 366 780 447 quod
802 372 836 428 tu
851 365 914 446 jam
939 364 1101 428 Kalendis

177 459 328 523 Ianuariis
349 461 482 524 futurum
504 481 569 525 esse
584 463 758 544 provideras
773 471 802 525 et
825 471 911 526 tanto
923 470 992 525 ante
1010 483 1100 544 prae·

178 556 306 622 dixeras.
327 559 404 638 Ergo
430 560 550 624 hercule
575 579 693 642 magna,
716 567 750 622 ut
775 580 874 642 spero,
903 569 955 623 tua
983 561 1097 645 potius

177 674 264 737 quam
293 657 338 719 rei
360 657 485 738 publicae
503 659 668 721 calamitate
692 657 852 721 ementitus
872 677 904 721 es
930 659 1096 740 auspicia,

178 752 360 817 obstrinxisti
381 754 527 835 religione
551 757 693 838 populum
709 757 887 834 Romanum,
907 774 1005 836 augur
1032 775 1094 818 au·

178 852 256 931 guni,
270 853 395 916 consul⁵
409 853 525 918 consuli
538 853 752 916 obnuntiastil.
763 853 838 917 llolo
850 855 948 935 plura,
965 872 1005 915 ne
1019 863 1094 916 acta
1118 849 1119 906 l

177 947 1093 1034 dolabellaeridear'oonvellcraquaeneeesseestaliquando

178 1048 215 1110 ad
235 1054 370 1111 nostrum
383 1047 541 1128 collegium
555 1048 759 1112 deierantur⁷.

218 1145 267 1207 at.
291 1145 349 1210 Sed
371 1146 569 1224 arrogantiam
594 1145 724 1208 hominis
748 1146 1000 1228 insolentiamque
1028 1167 1092 1210 oo·

177 1242 320 1322 gnosoite.
333 1243 427 1318 Quam
441 1243 492 1306 diu
501 1253 533 1306 tu
543 1243 634 1314 voles,
646 1243 785 1308 vitiosus¹
797 1245 900 1308 consul
910 1243 1087 1309 Dolabella:

107 1394 112 1402 .
177 1343 296 1420 rursus,
309 1359 377 1404 cum
387 1341 480 1418 voles,
496 1340 585 1404 salus
597 1341 738 1422 auspiciis
750 1350 878 1405 creatus.
889 1341 920 1405 Si
931 1341 1009 1404 nihil
1024 1351 1087 1422 est,

176 1457 243 1500 oum
258 1457 355 1519 augur
369 1439 407 1502 iis
421 1437 519 1501 verbis
532 1438 772 1520 nuntiat-quibus
791 1447 822 1500 to
840 1438 994 1516 nuntiasti,
1011 1459 1087 1503 oon-

175 1537 309 1615 acerete,
327 1555 420 1600 cum«
433 1536 493 1598 alio
508 1535 584 1597 die»
600 1535 722 1608 dixeris,
739 1533 871 1598 sobrium
886 1554 947 1598 non
963 1535 1083 1600 luisse:

39 1631 40 1634 ’
72 1678 74 1681 -
174 1633 222 1695 sin
242 1644 287 1697 est
311 1632 469 1716 aliquavis
490 1633 521 1694 iu
541 1632 607 1694 istis
620 1631 731 1710 verbis,
748 1652 784 1695 ea
802 1633 932 1715 quasit,
948 1651 1048 1712 augur
1066 1655 1085 1699 a

172 1731 284 1811 collega
299 1733 432 1814 requiro.

210 1827 338 1894 XXXIV.
362 1829 420 1892 Sed
436 1847 474 1891 ne
487 1827 564 1890 lorte
578 1847 614 1890 ex
628 1827 730 1896 multis
744 1827 833 1891 rebus
847 1827 938 1908 gestis
951 1828 1082 1893 Antonii

170 1943 233 1988 rem
249 1927 357 1988 unam'
372 1914 605 2008 pulcherrImam
616 1924 768 1988 transiliat
782 1926 888 2006 oratIo,
902 1925 940 1988 ad
959 1925 1082 2008 Imper-

169 2023 264 2086 calia³
278 2025 442 2087 veniamus,
470 2023 534 2087 Non
560 2021 738 2098 dissimulat,
762 2031 860 2106 patres
881 2024 1077 2106 conscripti:

168 2237 257 2282 annoler
271 2237 400 2294 l'optration.
414 2259 441 2270 -
456 2237 477 2281 l.
491 2239 592 2291 Videras,
646 2237 686 2287 rol,
702 2238 721 2280 si
738 2237 770 2280 las
793 2241 852 2282 artes
874 2237 902 2282 du
919 2237 991 2281 consul
1011 2239 1080 2283 Dola·

166 2311 279 2353 temerat,
286 2302 403 2346 cattum·
414 2299 432 2344 ll
444 2299 521 2344 n'amtt
532 2300 554 2342 nt
565 2312 593 2344 ru

166 2364 204 2408 das
211 2361 295 2415 tolaim,
308 2362 332 2406 ni
341 2361 449 2416 muroque
459 2375 488 2404 un
498 2374 552 2418 caup
564 2361 592 2406 do

165 2429 217 2468 rant
232 2437 260 2468 ou
279 2437 308 2468 uu
323 2425 469 2468 tramhlouoeat
483 2424 508 2468 do
524 2429 589 2474 terro.

165 2488 188 2530 ni
201 2486 296 2530 antander
307 2497 336 2528 on
347 2499 402 2542 ooorp
409 2487 436 2528 de
448 2492 555 2530 tonnerre.
563 2509 591 2518 -

165 2549 186 2594 5.
208 2551 292 2602 tepor,
319 2551 408 2592 comat.
426 2549 518 2591 Antolno
538 2549 591 2592 etuIt

164 2623 244 2668 augore
259 2616 282 2653 et
293 2611 374 2661 consul,
388 2609 548 2654 commetitur.
557 2612 590 2654 llo

164 2685 188 2718 sa
204 2672 284 2728 qualite
296 2673 322 2716 do
341 2672 422 2720 oousrd.
441 2671 506 2714 cesar
520 2672 590 2727 prtsi·

164 2735 208 2778 doit
219 2735 251 2778 las
262 2735 359 2778 contras.
372 2757 399 2766 -
412 2732 434 2776 a.
449 2733 589 2780 concertare

162 2802 184 2840 et
192 2799 332 2842 obnuntiatio
344 2803 392 2838 sont
405 2796 437 2839 les
448 2801 528 2839 termas
541 2809 589 2840 em-

162 2859 235 2915 plopes
249 2873 301 2915 pour
312 2871 420 2902 annoucer
433 2859 472 2902 das
487 2860 588 2914 auspices

161 2921 349 2974 tarasconenses
364 2922 475 2976 empteher
488 2922 509 2964 la
525 2927 588 2964 tenua

161 2983 198 3026 des
208 2984 312 3026 eomloos.
328 3006 354 3016 -
366 2983 386 3025 t.
401 2983 543 3036 descrantur.
557 2985 587 3028 Ia

161 3044 246 3100 college
258 3045 296 3087 des
307 3057 399 3099 augures
411 3059 462 3090 auro
471 3045 484 3088 li
493 3045 585 3096 dealder,

161 3107 219 3150 selon
233 3105 266 3148 lca
281 3106 431 3161 principando
446 3108 504 3152 droit
519 3119 587 3162 augu-

646 2299 701 2344 bella
718 2298 804 2343 dolvant
815 2299 863 2343 ttre
878 2298 979 2354 ropardts
991 2312 1078 2352 wama

645 2361 744 2406 valablas.

671 2429 715 2469 8⁴.
734 2427 753 2467 t.
769 2425 865 2470 Vltloatu
879 2423 976 2480 tqutvnn
988 2424 1000 2468 i
1014 2427 1076 2472 attio

644 2489 744 2536 creatas.
764 2486 849 2529 nomme
877 2486 1072 2544 lmtgutitrarnout.

644 2561 671 2590 ou
691 2549 856 2592 matralromsnt
867 2562 907 2594 aux
920 2550 1026 2604 ausptces.
1043 2573 1073 2584 —

644 2611 664 2655 I.
679 2613 749 2656 Unam
757 2611 878 2656 rentorcale
890 2611 1003 2668 superlitis.
1017 2613 1070 2667 Vos.

643 2673 682 2728 3⁷,
690 2677 739 2718 note
745 2674 766 2716 t.
772 2674 824 2716 -3.
832 2675 976 2726 lupercalia.
985 2675 1022 2717 los
1028 2677 1069 2720 Lu-

644 2738 737 2792 percales
749 2736 830 2779 etataut
842 2735 882 2778 deo
891 2735 946 2780 tates
964 2736 990 2780 de
1008 2739 1068 2791 puri-
1118 2735 1119 2746 ¹

642 2797 727 2842 tleation
738 2803 759 2842 et
770 2797 904 2853 d'cxplation
919 2799 956 2853 qui
973 2811 995 2842 so
1007 2799 1066 2843 aaa·

642 2859 724 2903 balent
731 2860 750 2903 le
761 2859 786 2902 l5
795 2858 876 2903 tersior
885 2873 912 2904 on
921 2861 1030 2904 l'honuaur
1039 2861 1066 2905 do

641 2922 749 2977 Lupercus
766 2921 845 2976 (o'dtait
860 2921 881 2964 le
897 2935 983 2966 turnom
1003 2924 1063 2978 qu'on

640 2984 729 3027 donnait
751 2984 764 3026 t
784 2984 856 3028 Panna
876 2996 957 3028 comum
975 2985 1022 3028 dleo
1036 2986 1063 3029 du

640 3045 720 3102 bttail).
736 3046 776 3090 las
793 3046 912 3102 Luporquoo
930 3047 1018 3103 (pretias
1034 3048 1062 3091 du

639 3108 706 3162 dtau).
726 3108 811 3162 aanor
827 3108 907 3164 qu’uoa
927 3109 1017 3154 anun
1033 3109 1059 3152 do
