2284 3496
162 107 191 156 32
388 105 556 154 PHILIPPICA
575 105 714 162 SECUNDA,
734 104 783 162 VII,
801 94 838 152 ld.

201 222 249 283 l5.
270 220 393 283 allodia
410 239 470 284 non
482 219 655 283 descendit¹
674 219 830 281 Antonius
851 238 867 280 n
885 218 966 283 Cur?
984 238 999 280 o
1014 220 1076 282 dat

161 319 349 382 nataliciam²
368 319 401 381 in
421 319 529 380 bortis·
549 337 563 378 n
595 316 672 381 Cui?
698 317 849 379 neminem
872 315 1041 379 nominabo
1061 337 1071 378 :

160 424 260 499 putate
279 425 342 480 tum
362 417 534 480 Phormioni
556 417 659 493 alicui,
687 417 770 478 tum³
796 414 978 494 Gnathonit,
999 424 1072 477 tum
1130 443 1131 506 r

160 515 249 577 etiam
269 516 428 577 ballioni5.
454 513 655 578 Oloeditatem
676 514 807 575 hominis
829 515 1022 593 flagitiosam!
1050 533 1070 575 o

159 615 389 696 impudentiam,
402 613 576 694 nequitiam,
593 613 748 675 libidinem
761 631 820 673 non
835 612 1004 675 serendam!
1020 613 1068 674 Tu

159 732 226 776 curn
253 712 419 795 principem
448 719 628 788 senatorem,
660 712 756 774 oirem
782 711 975 790 singularem,
1004 719 1067 773 tarn

159 813 361 893 propinquum
379 811 504 886 habeaS,
520 811 640 872 adeum
656 811 693 872 de
707 829 739 872 re
755 808 874 891 publica
893 810 968 871 nihil
985 809 1068 872 rele-

158 928 217 988 ras‚
229 911 342 972 referas
356 910 393 972 ad
406 929 459 972 eos
479 909 531 991 qui
549 927 633 971 suam
647 927 710 970 rem
726 908 838 970 nnllam
851 907 1066 986 babent,luam
1130 937 1131 1002 t

160 1008 362 1070 exhauriunt?
602 1034 604 1037 ’

202 1105 270 1168 Vll..
299 1107 380 1168 l'uus
402 1104 542 1168 videlicet
575 1103 713 1167 salutaris
741 1104 923 1181 consulatus,
960 1105 1066 1186 perni·
1130 1125 1131 1180 t

157 1202 255 1264 ciosus
275 1222 371 1266 meus.
397 1203 520 1265 Adeone
543 1203 688 1284 pudorem
710 1221 777 1264 oum
803 1203 946 1284 pudicitia
962 1201 1066 1284 perdi·
1130 1187 1131 1200 ¹

157 1301 228 1362 disti
248 1309 280 1363 ut
304 1301 414 1363 hocin
439 1320 474 1364 eo
490 1301 622 1383 templo⁰
644 1300 744 1363 dicero
767 1319 858 1363 ausus
876 1301 927 1378 sis,
950 1302 980 1362 in
1002 1321 1064 1382 quo

156 1417 209 1478 ego
224 1407 363 1463 senatum
375 1399 473 1478 illum,
485 1401 537 1480 qui
551 1399 701 1482 quondam
715 1400 825 1461 ssorens
836 1399 900 1461 orbi
915 1407 1063 1461 terrarum

156 1498 344 1578 praesidebat,
374 1498 582 1574 consulebam,
612 1505 643 1559 tu
670 1497 808 1560 homines
844 1497 1063 1577 perditissimos

156 1620 223 1662 cnm
243 1597 351 1678 gladiis
372 1593 575 1658 collocavisti?
1130 1625 1131 1718 1

196 1698 246 1760 ld.
268 1695 306 1758 tt
332 1695 423 1756 etiarn
449 1712 541 1754 ausus
565 1712 596 1755 es
612 1692 736 1775 —quid
757 1699 854 1755 autem
878 1700 922 1756 est
937 1693 1016 1774 quod
1030 1700 1061 1755 tu
1130 1733 1131 1748 2

155 1815 216 1857 non
230 1795 341 1857 audeas
351 1793 366 1854 ‘l
375 1829 415 1837 -
427 1791 535 1854 clivum
551 1789 749 1873 Capitolinum
765 1791 864 1854 dicere
877 1811 926 1854 me
938 1795 1060 1856 consule

156 1895 278 1976 plenum
303 1891 473 1955 servorum¹
494 1897 675 1953 armatorum
696 1889 800 1951 luisse.
825 1889 864 1954 Ut
881 1887 943 1970 illa,
958 1893 1058 1972 credo,

156 1993 272 2056 nefaria
297 1997 418 2053 senatus
434 1989 569 2052 consulta
583 1989 700 2068 fierent,
723 1989 783 2050 vim
796 1988 956 2052 afferebam
971 2007 1059 2052 sena-

155 2090 210 2152 tui.
230 2089 253 2154 0
275 2089 375 2164 miser,
393 2087 454 2150 sive
467 2086 520 2150 illa
534 2085 588 2150 tibi
603 2096 673 2148 nota
686 2105 746 2149 non
762 2093 831 2149 sunt
842 2088 964 2150 -nihil
980 2089 1057 2150 enim

155 2187 226 2251 boni
245 2187 323 2250 nosti
343 2224 393 2264 -‚
414 2185 476 2250 sive
488 2192 568 2260 sunl,
583 2185 635 2267 qui
652 2185 729 2265 apud
744 2185 817 2247 tales
833 2187 911 2248 viros
932 2194 991 2247 tarn
1006 2186 1059 2248 im·

160 2288 308 2368 pudenter
325 2285 466 2368 loquare!
491 2285 563 2359 Quis
583 2285 663 2346 enim
690 2301 782 2364 eques
803 2283 965 2360 Romanus,
993 2285 1058 2366 qula

157 2391 262 2466 praeter
280 2392 309 2447 te
330 2384 506 2446 adulescens
527 2380 647 2456 nobiliS,
665 2379 732 2460 quis
752 2382 843 2444 ullius
858 2382 985 2462 ordinis,
1006 2383 1056 2466 qui

158 2500 190 2544 sc
206 2481 300 2543 civem
316 2499 382 2542 esse
395 2479 592 2556 meminisset,
608 2483 678 2540 oum
694 2487 815 2542 senatus
830 2479 862 2541 in
879 2480 935 2543 boc
949 2481 1057 2562 templo
1094 2495 1095 2500 ’

182 2711 224 2750 Is.
238 2705 258 2749 l.
274 2702 397 2752 Desoeodlt.
411 2713 444 2744 aa.
458 2699 577 2752 insuram.

155 2770 208 2824 Voy.
220 2769 311 2818 Introd,
324 2768 335 2822 ἒ
347 2765 379 2818 to,
391 2769 450 2820 note.
461 2787 487 2794 -
498 2763 518 2804 ἓ.
533 2765 581 2808 Na·

156 2834 266 2883 loticiam,
281 2837 356 2874 a-cnt
369 2832 508 2890 conane-,³
527 2827 581 2872 Tum

202 2900 255 2943 tom.
265 2896 307 2937 solt
347 2895 396 2937 soit.
408 2917 436 2925 —
446 2894 465 2937 I.
474 2896 579 2939 Phormio

156 2960 178 2998 et
189 2957 346 3007 Gnathonoma
354 2957 381 3000 de
392 2959 492 3012 parasitos
503 2957 581 3002 daasla

156 3019 277 3071 Phormion
292 3024 313 3060 et
332 3020 384 3062 dans
396 3020 527 3074 l'llonoooc.
544 3033 579 3062 co·

66 3145 67 3148 Ἴ
156 3079 234 3138 madias
246 3079 273 3130 do
284 3080 385 3136 Tdrence,
397 3106 423 3114 -
435 3084 456 3142 ξ.
472 3083 578 3148 bolboni,
604 3137 607 3151 1

635 2714 684 2744 nom
692 2702 740 2746 d'un
749 2701 958 2746 entremetteurduns
964 2699 984 2742 le
990 2701 1057 2744 Pseu·

635 2766 698 2809 dolas
720 2765 747 2808 de
763 2765 844 2808 Plauto.
860 2787 885 2795 -
898 2763 919 2806 6,
935 2763 1056 2816 ΤεηιριοΛο

635 2829 712 2882 templa
723 2827 750 2870 dc
766 2827 787 2868 la
802 2825 919 2877 Concorde,
933 2825 986 2869 sltud
1000 2829 1055 2870 antro

635 2888 654 2934 le
667 2891 745 2932 Forum
757 2893 779 2932 at
793 2889 813 2931 le
826 2889 929 2944 Capitole.

661 2956 702 2995 Io.
718 2951 738 2994 t.
757 2951 888 2996 servorum.
906 2949 1009 2996 G'dlaicnt
1025 2952 1054 2996 les

634 3013 751 3056 chevaliers
770 3014 863 3058 romains
876 3016 912 3072 qui
936 3014 1054 3070 occupaient

633 3077 667 3136 ¹⁰!
680 3074 756 3136 aboedo
768 3076 796 3140 dir
815 3077 902 3143 temple,
921 3084 943 3140 al
961 3091 1002 3121 non
1018 3076 1052 3138 des
