2284 3496
279 206 451 254 PHILIPPICA
469 204 617 261 SECUNDA,
633 203 714 262 xxtv,
732 202 771 252 58.
953 203 985 253 59

75 319 144 381 alea
165 320 394 382 condemnatum
413 319 464 401 qui
490 321 518 380 in
540 320 691 397 integrum
708 319 852 393 restituit,
875 321 901 381 is
924 340 982 382 non

75 418 265 498 apertissime
281 417 447 479 studium¹³
462 435 549 478 suum
564 415 628 496 ipse
641 417 819 496 profitetur‘.l

120 515 169 576 57.
193 515 226 576 ln
241 519 345 576 eodem
361 535 431 576 vero
445 515 611 588 tribunatu,
635 532 701 574 cum
719 511 817 580 Caesar
830 515 860 575 in
875 515 984 598 Hispa-

76 611 162 672 niam
178 611 369 691 proficiscens
384 612 454 672 huic
471 611 704 673 conculcandam
719 609 833 672 ItaIIam
849 613 986 675 tradidis-

77 709 157 779 set¹,
172 727 237 788 quae
250 708 307 770 luit
320 709 383 788 ejus
397 708 565 788 peragratio
576 707 730 784 itinerum,
743 709 878 770 lustratio
891 713 986 772 muni·
1068 775 1071 781 ,

78 805 243 885 eipiorumt
261 805 328 868 Scio
349 824 396 866 me
411 805 443 866 in
465 805 555 866 rebus
581 791 824 867 celebratissimis
839 809 984 870 ,omnium

1 895 3 910 '
79 921 219 964 sermone
243 901 366 979 versam,
398 921 500 982 eaque·
515 921 581 984 quae
608 901 673 963 dico
702 902 897 982 dicturusque
920 923 985 965 sum

68 999 196 1062 notiora
217 1019 283 1062 esse
302 1001 442 1062 omnibus
456 999 506 1082 qui
521 999 552 1061 in
570 998 656 1060 ltalia
667 1005 731 1060 tum
746 998 878 1078 luerunt,
896 1019 985 1083 quam

77 1097 152 1159 mibi
177 1099 228 1179 qui
250 1117 309 1160 non
327 1098 410 1161 lui²z
440 1097 546 1160 notabo
572 1105 673 1159 tamen
693 1097 826 1176 singulas
847 1117 907 1174 res,
929 1100 985 1161 etsi

78 1195 162 1257 nullo
179 1197 269 1257 modo
283 1197 390 1277 poterit
409 1196 502 1258 oratio
515 1214 580 1257 mea
594 1195 765 1257 satisfacere
776 1204 880 1258 vestrae
893 1197 987 1260 scien·

78 1293 160 1353 tiae³.
177 1291 296 1353 Etenim
315 1293 395 1374 quod
409 1311 543 1372 unquam
557 1293 588 1352 in
605 1291 694 1354 terris
707 1299 822 1354 tantum
839 1295 984 1373 flagitium

78 1389 225 1451 exstitisse
245 1388 378 1450 auditum
400 1388 465 1451 est?
485 1395 597 1450 tantam
615 1388 849 1469 turpitudinem?
871 1399 984 1452 tanturn

79 1486 232 1549 dedecus?
946 1471 964 1502 ⁹

118 1583 222 1646 XXIV.
240 1584 289 1645 58.
313 1583 483 1647 Vebebatur
502 1583 531 1642 in
555 1581 682 1644 essedo¹
704 1582 844 1646 tribunus
869 1583 981 1666 plebis3

78 1681 200 1743 lictores
227 1678 623 1759 laureati¹·antecedebant,
651 1680 729 1741 inter
758 1700 831 1762 quos
861 1683 984 1762 aperta³

78 1777 184 1839 lectica
205 1777 317 1838 mima*
336 1777 520 1857 portabatur,
552 1795 641 1857 quam
663 1795 697 1837 ex
719 1777 838 1858 oppidis
858 1779 986 1839 munici-

79 1877 161 1958 pales
180 1875 315 1936 bornines
329 1874 458 1953 honesti,
473 1872 587 1936 obviam
608 1876 776 1936 necessario
790 1876 988 1956 prodeunte,

79 1991 139 2034 non
152 1978 221 2034 noto
237 1972 288 2032 illo
301 1980 329 2034 et
343 1972 463 2033 mimico
477 1972 609 2050 nomine,
626 1971 678 2034 sed
691 1973 900 2035 llolurnniam⁵
912 1997 993 2044 eon--

80 2069 258 2131 salutabant.
282 2067 469 2149 Sequebatur
491 2068 594 2131 raeua⁶
619 2087 687 2130 cum
703 2069 861 2132 lenonibus
878 2074 985 2149 [comi-

77 2265 151 2319 quil'a
165 2263 243 2306 retabli
258 2263 311 2306 dane
327 2269 376 2307 tous
392 2276 426 2306 see
439 2263 506 2306 droits
561 2263 574 2307 t
596 2263 706 2306 connaltre
736 2276 763 2306 on
792 2264 901 2318 Belgique.
920 2287 947 2296 ·-
964 2265 985 2307 ll.

77 2329 111 2383 tta
122 2327 254 2381 tanarum),
265 2325 381 2369 ete—13.
392 2327 504 2375 scottum,

76 2389 160 2445 passion
175 2389 202 2430 du
212 2387 256 2440 jeu.

103 2456 143 2494 u.
160 2450 180 2493 t.
199 2451 345 2494 Tradidt'ccet.
364 2451 418 2504 Voy.
432 2449 506 2492 Intro-

78 2513 170 2562 duotion,
185 2512 229 2568 Ἠ.
249 2536 274 2544 -
292 2512 313 2554 2.
329 2512 372 2564 Qut
393 2523 440 2555 non
459 2511 504 2563 sul.

78 2573 165 2619 ciceron
193 2578 250 2618 resta
276 2573 395 2630 cependant
427 2585 505 2616 encore

79 2649 106 2680 un
120 2637 172 2678 mols
186 2649 214 2678 en
238 2637 299 2679 ltalia
311 2635 373 2690 apres
391 2635 412 2677 le
431 2635 505 2689 deipart

79 2698 106 2740 de
119 2696 185 2740 Cesar
201 2711 254 2753 pour
271 2698 391 2752 l'llspapne.
413 2697 505 2740 Antoine

78 2760 107 2803 lui
125 2761 180 2801 avait
191 2759 244 2803 ecrit
256 2773 309 2816 pour
320 2759 350 2802 lui
362 2758 505 2802 deconseiller

80 2820 151 2863 dallei·
167 2823 276 2875 reioindre
292 2820 382 2877 Pompee
395 2833 421 2863 on
437 2819 504 2863 Grbee

81 2885 140 2938 (Voy.
152 2886 181 2926 od
193 2885 282 2938 Attali,
294 2885 323 2938 8).
338 2907 365 2915 -
382 2883 401 2926 3.
420 2885 503 2928 Vestrae

79 2947 187 2995 oetentiae,
208 2959 259 2988 rouo
287 2947 322 3000 qui
347 2945 391 2988 etas
411 2945 429 2988 si
455 2945 503 2987 bion

80 3008 178 3051 instruite
190 3006 217 3049 de
232 3011 285 3049 tout.

109 3075 150 3114 50.
176 3069 196 3112 l.
211 3070 324 3121 decedam,
347 3070 398 3111 char
420 3068 504 3112 Ideux

80 3144 147 3182 tonas,
163 3143 203 3187 que
223 3131 256 3173 les
275 3130 375 3174 llouratns
395 3130 504 3187 apprirent

561 2327 660 2369 biotam
685 2327 792 2370 laureati
814 2326 888 2370 G'dtait
907 2339 987 2369 comme

562 2386 688 2443 propreteur
697 2389 826 2441 qu'Antoine
836 2389 937 2431 araitdes
946 2389 987 2431 lic-

563 2454 631 2492 teurs.
643 2449 684 2492 Des
693 2449 788 2502 lauriers,
799 2449 914 2494 omblbmes
929 2450 956 2492 de
966 2452 986 2494 ln

562 2510 658 2562 vianne,
676 2512 771 2554 orneicnt
792 2511 851 2554 leurs
869 2513 983 2561 laisoeeux.

561 2585 672 2628 parceque
681 2574 713 2616 les
726 2573 849 2629 pompdiens
857 2576 942 2618 avaient
952 2573 986 2616 etet

562 2634 661 2691 expulsis
672 2636 699 2678 do
714 2636 797 2678 l'Itelle.
815 2659 841 2669 -
858 2637 878 2679 3.
895 2639 985 2689 aperta.

562 2699 602 2740 Les
613 2697 696 2740 litteras
708 2697 734 2740 de
745 2711 825 2753 voyage
837 2697 916 2740 etaient
923 2697 984 2739 ordi-

560 2759 680 2801 nairement
690 2765 804 2802 convertes
813 2765 834 2802 et
844 2771 951 2814 pourvues
959 2760 986 2802 de

560 2821 690 2863 rideanx.-
699 2820 719 2862 t.
733 2823 807 2871 Mimo,
815 2822 836 2864 la
845 2819 986 2864 comedionnc

559 2881 657 2924 cieberis.
674 2905 701 2916 -
712 2883 732 2924 5.
750 2884 873 2926 Volumnia.
886 2882 917 2926 On
933 2883 987 2939 l’ep-

559 2945 623 3000 pelait
635 2943 689 2986 elusi
699 2956 762 2999 parce
773 2945 850 2999 qu'ello
861 2943 914 2987 tuit
927 2947 985 2988 aussi

558 3006 579 3047 la
615 3006 725 3048 malti-este
754 3005 781 3048 du
813 3009 912 3049 senateur
946 3009 987 3051 Vo-

558 3067 648 3111 lumnIus
675 3067 812 3124 Eutrapelus.
826 3091 854 3100 —
871 3067 892 3111 o.
909 3071 985 3118 llaeda.

557 3130 608 3174 eber
622 3131 744 3186 dascym
760 3130 863 3186 &quatre
876 3143 986 3174 rouen.-
