2284 3496
289 217 455 269 PHILIPPICA
474 217 620 276 secunus,
637 215 743 278 xxviii,
757 215 797 265 68.
959 213 990 264 65

91 365 94 370 ·
126 337 175 398 6Ἱ.
190 329 990 414 Quaerargbdistamsorax‘lCharybdimdioo‘lquae
1048 369 1056 386 .

86 435 112 496 si
122 432 188 510 luit,
201 429 311 494 animal
321 447 418 492 uuum
427 428 503 492 luit:
517 428 666 504 Oceanus
683 427 807 490 medius
817 427 990 508 Fidius‚vix

85 531 203 592 videtur
214 534 257 590 tot
271 546 330 602 res
345 534 406 588 tam
420 527 591 608 dissipatas,
604 532 665 588 tam
677 524 854 588 distantibus
868 526 899 587 in
917 527 991 590 locis

88 627 198 709 positas
223 633 283 686 tarn
307 624 365 686 cito
387 623 549 706 absorbere
569 612 809 704 potuissc.'llihil
829 631 894 685 erat
907 623 992 686 clau·
1075 655 1076 660 κ

87 742 164 802 sum,
193 722 268 786 nihil
297 721 502 801 obsignatum,
528 720 603 782 nihil
629 721 773 801 scriptum
782 721 805 781 ¹.
832 720 991 802 Apothecae

87 830 156 885 totae
169 801 362 901 nequissimis
375 817 547 880 homiuibus
560 817 817 881 condonabantur.
830 817 898 880 Alia
906 819 990 880 mimi

87 918 254 1000 rapiebant,
276 916 335 980 alia
347 917 465 978 mimae:
481 915 587 978 domus
600 922 663 978 erat
676 913 857 977 aleatoribus
869 915 991 988 relenta,

89 1017 177 1099 plena
192 1015 362 1092 ebriorum3
378 1019 453 1074 totos
483 1013 548 1074 dies
574 1011 730 1094 potabatur
760 1019 848 1094 alque
871 1013 901 1074 id
919 1011 993 1076 leals

88 1113 249 1196 pluribus:
286 1109 523 1190 suggerebantur
545 1109 636 1172 etiam
659 1127 737 1190 saepe
758 1143 799 1158 -
827 1129 888 1172 uon
913 1109 992 1172 enlm

89 1227 208 1291 semper
233 1209 290 1270 iste
317 1207 387 1270 felix
409 1241 451 1254 -·-
478 1207 587 1270 damna
608 1207 780 1270 aleatoria'.
795 1206 994 1288 GoncngIatis

90 1306 145 1370 Cn.
173 1305 296 1386 Pompei
318 1305 554 1384 peristromatis³
569 1323 722 1367 servorum
745 1305 777 1366 in
798 1305 882 1367 cellis
902 1304 994 1368 lectos
1081 1381 1083 1385 Ι

89 1409 198 1466 stratos
210 1391 338 1463 videres.
354 1399 575 1474 Quamobrem
589 1400 719 1462 desinite
736 1402 840 1463 mirari
854 1403 918 1464 baec
932 1409 993 1464 tam

91 1499 228 1562 celeriter
248 1515 315 1561 esse
335 1503 532 1578 consumpta:
560 1516 621 1560 non
643 1497 730 1560 modo
744 1499 833 1560 nnius
847 1499 995 1582 patrimo-

90 1598 175 1661 nium
187 1595 323 1677 quamvis
336 1594 480 1676 amplum,
491 1594 609 1658 utillud
621 1595 688 1672 fuit,
698 1595 751 1658 sed
763 1595 852 1658 nrbes
864 1602 997 1675 otregna

91 1694 229 1759 celeriter
242 1701 325 1756 muta
339 1691 474 1774 nequitia
487 1691 627 1756 deuorare
642 1693 800 1774 potuIsset.

132 1791 182 1854 68.
199 1789 238 1853 At
249 1789 328 1853 idem
343 1789 424 1852 uades
434 1789 523 1866 etlam
539 1797 568 1852 et
581 1789 711 1852 hortos¹.
728 1788 752 1855 0
770 1788 923 1853 andaclam
938 1792 997 1852 im·

94 1887 226 1952 manem!
250 1895 281 1949 tu
300 1886 391 1948 etiam
414 1886 532 1966 ingredi
554 1886 637 1948 illam
652 1887 774 1950 domum
787 1906 879 1950 ausus
895 1887 948 1950 es?
962 1896 995 1952 tu

92 1985 168 2047 illud
188 1983 525 2048 sanctissimumlimen
547 1983 680 2046 intrare?
701 1993 733 2047 tu
751 1984 870 2047 illarum
885 1985 994 2048 aedium

92 2082 139 2144 dis
160 2080 319 2161 penatibus
334 2097 367 2142 os
382 2080 620 2160 impurissimum
636 2082 815 2182 petendere‘l
834 2082 928 2157 Quam
940 2082 1006 2144 dos

93 2195 175 2240 mum
190 2176 375 2257 aliquamdiu
394 2193 481 2238 nemo
498 2176 653 2258 adspicere
673 2186 799 2258 poterat,
821 2197 908 2241 nemo
930 2181 995 2242 sine

94 2274 226 2336 lacrimis
243 2273 407 2355 praterire,
427 2273 483 2335 hac
495 2279 524 2334 te
544 2274 576 2336 in
592 2275 680 2336 domo
693 2281 754 2337 tam
770 2275 822 2338 diu
844 2275 996 2338 deversari

93 2388 155 2432 non
168 2370 281 2452 pudet?
301 2371 333 2430 in
348 2389 416 2454 qua,
431 2369 566 2452 quamvis
583 2369 658 2433 nibil
673 2371 785 2452 sapias,
802 2379 904 2434 lamen
919 2372 995 2434 nibil

93 2467 148 2530 tibi
168 2475 264 2549 potest
284 2485 350 2530 csse
364 2467 561 2548 jucundum

132 2564 327 2628 xxviium
352 2571 397 2641 tu,
421 2564 472 2627 illa
493 2565 690 2628 investibulo
711 2567 824 2630 rostra'
846 2586 914 2630 eum
936 2567 1013 2632 ad-·

94 2787 172 2830 Oetam
186 2788 207 2827 et
229 2784 278 2828 Sex.
298 2781 389 2838 Pompee
402 2783 494 2826 assumit
507 2783 521 2828 l
611 2789 733 2838 aleatorio.
755 2787 767 2830 i
782 2792 829 2832 tout
840 2787 888 2832 cela
904 2790 1000 2836 nausiant

94 2847 191 2895 celui-ci.
204 2858 257 2901 pour
268 2846 288 2888 le
298 2844 449 2899 dddommsger
459 2845 485 2888 de
499 2846 521 2890 ls
576 2847 674 2901 abientes
685 2849 716 2891 los
731 2852 801 2904 peries
810 2849 871 2892 laites
883 2862 909 2892 su
919 2850 963 2904 ion.
972 2875 1000 2886 -

94 2913 156 2964 perta
171 2907 209 2950 des
225 2907 287 2949 biens
305 2907 418 2962 paturnelo,
434 2908 522 2950 environ
575 2907 595 2950 3.
608 2910 760 2963 (inmunitatis
783 2912 949 2964 peristromatis
967 2914 1000 2968 (is

94 2969 122 3013 lt)
143 2969 237 3011 millionc
254 2969 280 3010 de
299 2972 411 3019 sesterces,
429 2967 480 3022 pres
494 2969 521 3012 de
576 2973 704 3027 pours'bsss),
714 2976 849 3016 couvertures
858 2973 885 3015 de
897 2986 998 3031 pourpre.

95 3033 122 3074 15
141 3030 235 3073 millions
248 3029 274 3071 de
288 3030 365 3071 francs.
607 3037 650 3078 08.
666 3032 685 3075 I.
707 3035 795 3086 Hortos,
808 3041 915 3078 sous-ent.
930 3048 999 3082 oceu-
1016 3080 1018 3086 ,

122 3097 165 3135 01.
182 3097 201 3144 l.
217 3091 339 3143 Scriptum.
358 3089 412 3132 derit
426 3091 480 3134 dans
494 3104 522 3136 un
574 3097 646 3148 pouit.
661 3118 687 3126 —
701 3095 722 3139 ἲ.
740 3097 784 3140 Illo
804 3102 887 3140 rostro.
907 3099 998 3154 Pompeis

92 3153 224 3198 inventsire.
245 3176 271 3183 —
293 3152 314 3193 Ξ.
338 3153 522 3204 suggerebantur
576 3157 697 3202 ussitornd
710 3159 846 3203 losestibulo
860 3159 888 3201 de
906 3173 930 3207 ss
946 3163 1001 3206 msi-

99 3282 104 3291 ,
172 3223 299 3273 anamim
313 3233 478 3280 amrmemus.
859 3228 877 3278 ὅ
