2284 3496
295 175 465 226 PHILIPPICA
480 173 628 232 SECUNDA,
644 173 704 232 xlv,
720 173 758 221 35.
800 193 803 199 ·
952 173 982 221 ib

113 289 189 352 xlv.
213 290 262 352 34.
287 276 448 353 Sedunum
464 307 529 350 rem
551 307 658 350 vercor
676 307 713 348 ue
735 307 795 348 non
811 287 932 368 probes.
949 289 979 352 Si

71 389 152 448 enim
168 388 289 450 fuissem
304 389 405 468 ¹‚non
420 387 516 448 sotum
531 405 645 464 regem,
661 387 714 447 sed
730 386 818 448 etiam
833 388 980 464 regnumss

71 486 157 548 dere
176 486 295 566 publica
308 484 515 562 sustulissem
530 491 569 560 et,
593 485 618 544 si
635 501 719 544 meus
735 482 821 544 stilus
836 483 887 544 ille
900 482 978 544 tuis-

72 592 129 659 set‚
147 583 314 661 utdicitur,
333 581 523 658 mihicrede,
546 600 605 642 non
630 580 728 642 solum
752 599 846 640 uuum
868 588 977 655 actum,

72 681 125 742 sed
141 688 231 742 totam
247 679 377 742 fabulam
398 679 626 741 confecissem.
640 678 837 758 Quanquam*
853 679 878 740 si
890 677 982 740 inter-

72 778 121 839 fici
138 777 283 840 Caesarem
297 778 425 840 voluisse
441 776 555 838 crimen
569 787 625 853 est,
635 775 713 853 vide,
726 794 838 857 quaeso,
856 775 978 853 Antoni,

73 875 146 954 quid
161 874 216 936 tibi
229 874 364 937 futurum
379 875 428 951 sit,
443 892 533 954 quem
544 872 738 936 etNarbone⁵
752 873 808 934 hoc
819 872 977 932 consitium

73 990 142 1032 cum
165 971 313 1034 Trebonio
340 972 455 1053 cepisse
488 971 676 1032 notissimum
704 979 758 1046 est,
788 976 816 1030 et
846 966 883 1030 ob
918 969 981 1046 ejus

74 1068 192 1130 consilii
222 1070 417 1147 societatem,'
435 1087 503 1130 cum
532 1069 751 1130 interficeretur
779 1065 887 1140 Caesar,
916 1073 982 1126 tum

75 1165 125 1224 te⁶
148 1182 166 1224 a
181 1164 328 1227 Trebonio
343 1165 470 1228 vidimus
489 1163 652 1243 sevocari⁷.
672 1164 732 1242 Ego
749 1172 848 1226 autem
862 1198 903 1208 -
915 1162 983 1224 vide
1017 1241 1020 1245 Ι

75 1278 164 1340 quam
179 1267 279 1320 tecum
301 1281 386 1339 agam
408 1281 468 1323 non
491 1260 613 1322 inimice
628 1295 678 1332 -,
704 1261 783 1341 quod
802 1260 880 1322 bene
903 1259 981 1338 cogi-

75 1357 144 1419 tasti
171 1356 344 1437 aliquando,
367 1356 475 1433 laudo;
499 1357 578 1436 quod
597 1375 658 1418 non
680 1357 818 1418 indicasti
828 1357 851 1432 ⁸,
873 1356 983 1433 gratias

73 1473 146 1534 ago;
167 1451 247 1534 quod
271 1472 330 1514 non
354 1452 461 1530 fecisti,
476 1452 597 1530 ignosco
615 1473 622 1513 ε
641 1453 736 1514 virum
755 1470 803 1514 res
826 1452 879 1513 itta
899 1471 981 1530 quae—

76 1552 171 1614 rebat.

114 1649 164 1710 35.
188 1649 299 1722 Quodsi
313 1655 342 1711 te
357 1649 389 1712 in
399 1650 548 1729 judicium
568 1649 634 1730 quis
650 1646 780 1712 adducat
798 1652 980 1726 usurpetque

73 1746 147 1808 illud
163 1745 371 1824 Cassianum¹,
388 1747 438 1809 cot
453 1747 549 1810 tono*
571 1747 678 1826 fuerit,
701 1743 780 1820 vide,
805 1761 917 1824 queso,
944 1761 981 1806 ne

73 1844 198 1906 haereas.
226 1843 401 1924 Quanquam
429 1843 506 1906 illud
539 1842 604 1919 fuit,
636 1849 670 1904 ut
701 1841 821 1904 dicebas
847 1839 980 1920 quidem,

75 1939 215 2002 omnibus
236 1940 313 2003 bono
335 1941 386 2021 qui
406 1941 519 2002 servire
537 1939 688 2017 nolebant,
712 1939 767 2002 tibi
785 1947 886 2002 tamen
906 1955 983 2019 prae-

74 2131 134 2168 rum,
152 2131 180 2160 au
199 2120 286 2161 nombre
306 2120 344 2162 des
367 2120 501 2170 tiberutcurs,
550 2099 609 2163 ¹‘tirer
629 2121 680 2162 dans
698 2120 718 2163 la
732 2121 874 2176 conjuration.
892 2119 982 2164 Antoino

74 2191 154 2222 comme
168 2180 214 2222 laur
226 2180 281 2234 parti
296 2181 328 2222 tes
338 2181 439 2236 appelait.
556 2183 588 2224 les
601 2181 778 2236 rejacentibus
791 2181 824 2222 los
839 2179 934 2231 denoncu
946 2192 983 2234 pus

102 2245 145 2284 u.
163 2242 185 2283 t,
201 2242 424 2298 rurscam,suppteez
440 2243 467 2286 tn
478 2253 503 2284 co

74 2314 177 2348 numero.
190 2302 243 2346 -2
251 2305 360 2356 Peaeum,
368 2303 501 2358 laryrannie.

75 2365 113 2418 qui
129 2377 157 2407 ns
171 2364 218 2406 mir
230 2376 267 2419 pas
285 2363 296 2406 b
314 2365 335 2407 lu
349 2371 404 2408 mort
421 2366 448 2408 de
460 2362 502 2408 Cd-

76 2438 123 2478 sun
148 2426 164 2468 il
178 2438 205 2467 cn
225 2427 260 2469 eor
282 2425 317 2468 aa
331 2431 459 2476 contrement,
482 2425 501 2467 si

75 2487 107 2528 las
119 2485 217 2542 conjures
237 2489 322 2530 avaient
333 2489 393 2531 aussi
406 2487 441 2530 turi
455 2487 502 2530 An-

77 2549 140 2591 tome.
154 2549 206 2602 Voy.
217 2549 307 2597 Introd..
320 2550 331 2603 ἓ
345 2549 366 2592 8.
377 2551 432 2592 -3Ι
448 2554 500 2597 st...

75 2611 172 2654 oritur...
209 2612 359 2663 corrtcctrscm,
387 2613 406 2654 si
428 2613 501 2667 j'nrais

76 2675 126 2714 tenu
144 2673 164 2714 Ia
180 2672 258 2726 plume,
269 2673 356 2728 j’aurets
376 2675 465 2718 termino
482 2679 502 2720 tn

76 2732 177 2787 nigidio,
196 2747 223 2776 au
244 2735 290 2777 lieu
311 2735 358 2778 d'cn
383 2734 452 2779 terirs
473 2751 501 2780 un

78 2794 123 2836 seut
137 2801 190 2837 acto.
203 2819 227 2828 -
237 2795 261 2839 t.
283 2797 426 2850 Quanquam,
439 2799 501 2842 mais.

77 2855 128 2908 Voy.
145 2855 202 2908 322,
218 2855 239 2901 t.
255 2861 308 2900 -5.
321 2861 431 2903 Narbone.
448 2861 500 2915 Voy.

78 2916 164 2965 Introit„
190 2917 242 2970 Μ.
264 2919 322 2962 G’est
348 2920 360 2962 b
387 2921 500 2964 Narbonnc

78 2976 213 3030 qn'bntoine.
229 2991 257 3021 en
272 2985 333 3024 route
348 2993 401 3036 poor
413 2981 499 3038 l'Eapa-

77 3049 126 3092 ffne,
152 3043 265 3084 rencontra
279 3041 403 3093 Trebonius,
424 3043 460 3098 qui
471 3043 502 3085 tui

77 3100 107 3150 m,
115 3099 198 3160 dit-on,
210 3100 249 3143 des
260 3108 382 3147 oumrtures
390 3117 443 3160 pour
452 3106 502 3148 l'at-

556 2242 651 2287 ictam.
664 2265 691 2274 -
701 2243 722 2285 6.
736 2243 829 2294 Quem...
839 2249 885 2284 ct...
898 2244 926 2284 tc.
939 2243 983 2285 Ro-

556 2304 825 2359 murquezlecbnngoment
833 2301 860 2344 de
873 2307 983 2344 construc-

557 2367 617 2408 tion:
632 2376 698 2419 qacm
745 2365 890 2408 notissimum
901 2367 943 2412 crt.
960 2368 981 2408 et
1001 2405 1004 2412 a

605 2430 626 2470 tc
694 2427 800 2471 victimas.
820 2446 844 2458 -
860 2425 884 2468 7.
912 2427 980 2470 Sevo-

556 2491 615 2534 cart.
630 2490 683 2542 Voy.
695 2488 850 2536 Introductton.
862 2487 873 2540 ἓ
883 2487 904 2530 8.
919 2509 945 2520 -·
959 2487 980 2530 8.

557 2552 618 2605 Quod
644 2561 690 2594 nan
714 2551 830 2594 indicasti·
850 2550 903 2603 Voy.
934 2549 981 2602 plus

556 2615 614 2664 baut,
629 2617 678 2654 note
692 2612 712 2654 5.

587 2679 630 2718 ⁸5.
660 2674 682 2715 t.
708 2675 768 2716 lttert
796 2673 940 2716 Cassianum.
958 2673 981 2714 L.

557 2737 656 2790 (luemus,
683 2737 718 2790 qui
745 2735 778 2776 tut
808 2733 878 2775 tribun
905 2732 933 2774 de
960 2732 982 2774 tn

556 2797 619 2852 plebe
638 2797 726 2844 en137.
743 2796 794 2838 erait
812 2806 840 2834 un
866 2806 918 2847 juge
938 2793 981 2836 tres

556 2859 648 2910 se'vtrc5
666 2859 682 2900 il
704 2858 760 2900 aruit
774 2866 826 2910 pour
842 2855 937 2910 principe
955 2854 982 2896 do

557 2931 580 2962 sc
600 2919 726 2968 demandes,
750 2917 801 2958 dans
822 2916 843 2958 la
867 2917 981 2960 recherche

557 2981 584 3023 de
616 2981 704 3023 t'nuteur
725 2978 774 3020 d'un
800 2977 931 3020 homicida:
968 2977 980 3020 ir

556 3043 592 3098 qni
624 3043 644 3085 Ie
676 3042 715 3084 tait
737 3040 815 3082 a-t-it
845 3040 880 3082 etti
908 3039 981 3082 utile?

557 3127 583 3135 -
597 3103 620 3146 P.
645 3103 687 3147 cni
706 3105 769 3151 bono,
785 3101 860 3146 double
878 3101 938 3144 datit.
956 3121 981 3132 -·
