2284 3496
248 109 417 163 urrumnai
434 111 579 173 sumunt,
595 109 671 173 xurr,
689 108 744 163 too.
787 183 790 188 ι
923 108 955 164 aa

38 237 104 290 non
121 235 153 290 tu
168 227 293 310 quidem
301 229 328 267 ²⁰
338 229 429 292 etiam
448 247 529 292 nuno
550 237 583 292 ut
602 227 713 292 similis
732 229 785 308 tui,
802 230 856 293 sed
871 237 952 292 certe

39 336 77 388 ut
92 325 251 390 dissimilis
266 333 345 390 essct
358 327 418 390 sui.

38 441 48 457 ·
77 425 161 487 l08.·
173 424 230 498 Qui
242 441 311 488 vero
322 425 392 488 inde
404 424 519 488 reditus
530 423 672 489 Romam!
689 443 755 507 quae
769 425 953 507 perturbatio

38 522 137 585 totius
151 522 249 585 urbis!
279 521 511 586 Memineramus
536 523 663 588 Cinnam
679 523 769 587 nimis
784 532 951 607 potentem;

40 619 161 686 Sullam
181 627 282 702 postea
304 620 519 698 dominantem,
545 622 636 685 modo
659 631 836 702 regnantem
857 621 955 686 Gaesa-

40 737 109 782 rem
130 719 310 782 videramus.
328 719 419 780 liram
439 719 564 782 tortasse
588 719 692 800 gladii,
714 719 769 783 sed
787 719 954 784 absconditi

41 834 101 880 nec
120 816 161 880 ita
180 815 275 878 multi.
296 816 356 878 lsta
373 833 442 879 vero
457 835 524 900 quae
541 825 571 880 et
588 825 700 899 quauta
714 817 868 896 barbaria¹
889 817 952 882 estl

41 908 183 996 Agmine
197 914 341 997 quadrato
363 930 432 977 eum
454 913 563 994 gladiis
587 922 766 998 sequuntur,
789 909 958 980 scutorum'

42 1011 185 1075 lecticas’
198 1013 311 1094 portari
329 1012 475 1076 videmus.
491 1013 589 1096 Atque
601 1013 648 1075 bis
664 1013 785 1094 quidem
797 1013 861 1094 jam
875 1014 957 1076 inre·

44 1109 162 1187 ceratis,
186 1120 285 1192 patres
312 1110 484 1193 conscripti,
508 1109 727 1174 consuetudine
747 1109 955 1174 obdormimus.

45 1206 190 1272 Kalendis
204 1207 300 1271 Juniis
320 1227 389 1270 cum
404 1209 436 1270 in
452 1216 601 1287 senatum,
617 1217 648 1271 ut
669 1214 733 1272 erat
750 1209 955 1288 constitutum,

44 1307 149 1370 uenire
173 1305 328 1384 vellemus,
351 1305 606 1387 metuperterriti
628 1313 751 1388 repente
770 1307 956 1386 diffugimus.

89 1404 159 1468 toa.
179 1403 217 1465 At
236 1403 302 1481 istc,
318 1402 375 1485 qui·
390 1411 496 1466 senatu
512 1421 572 1465 non
585 1411 697 1483 egeret,
714 1421 814 1486 neque
833 1403 956 1468 deside-
987 1475 989 1479 ,

45 1502 326 1583 ravitquemquam,
344 1502 396 1564 sed
405 1501 509 1583 :potius
519 1501 656 1564 discessu
667 1509 769 1564 nostro
776 1501 891 1564 letatus
900 1505 956 1579 est,

47 1600 220 1682 statimque¹
233 1598 286 1666 illo
302 1598 452 1662 mirabilia
466 1598 601 1662 laelnora
613 1597 724 1662 effecit.
739 1599 795 1673 Qui
803 1599 958 1679 chirogra-

47 1699 109 1782 pha
119 1696 241 1761 Caesaris
253 1696 518 1760 defendissetlucri
535 1696 582 1760 sui
595 1698 731 1774 causa‚is
740 1697 821 1777 leges
834 1696 959 1761 Caesaris

47 1815 160 1878 easque
171 1795 341 1878 preclaras,
358 1803 391 1858 ut
409 1794 639 1878 rempublicam
657 1802 818 1861 concutere
840 1802 952 1878 posset,

49 1895 164 1962 evertit.
203 1893 366 1959 Numerum
392 1911 540 1961 annorum
560 1892 720 1978 provinciis
749 1892 953 1976 prorogavit¹,

48 1994 201 2076 idemque,
214 2012 282 2055 cum
305 2000 440 2056 actorum
453 1991 576 2056 Caesaris
589 1991 730 2056 defensor
741 2011 807 2056 esse
819 1991 957 2069 deberet,

51 2089 127 2155 etin
143 2090 270 2174 publicis
285 2098 317 2153 et
331 2091 362 2153 in
382 2090 504 2172 privatis
519 2090 609 2152 rebus
632 2097 698 2152 acta
721 2088 845 2155 Caesaris
864 2088 960 2152 resci-

51 2188 107 2254 dit.
136 2188 171 2251 ln
199 2187 325 2270 publicis
350 2187 425 2250 nihil
460 2195 505 2251 est
530 2187 594 2268 lege
618 2186 749 2267 gravius,
778 2187 808 2248 in
838 2185 960 2268 privatis

52 2287 259 2352 firmissimum
272 2296 317 2350 cst
328 2293 550 2352 testamentum.
564 2283 658 2363 Leges
670 2285 743 2348 elias
753 2283 817 2347 sine
829 2284 961 2366 promul·

53 2386 190 2477 gatione³
211 2385 343 2464 sustulit,
363 2385 437 2448 alias
458 2383 633 2462 attolleret,
651 2383 963 2465 promulgavit⁴3tea0

56 2660 80 2676 -
90 2638 375 2696 tltoatdcmeatatttrtpar
387 2641 479 2691 tamam
563 2643 627 2684 m.
642 2639 663 2683 t.
675 2639 749 2695 deum
804 2639 924 2692 atattmqoc
937 2647 960 2682 ca

55 2705 93 2748 tait
110 2705 208 2747 resaortir
225 2709 273 2748 tout
293 2704 313 2746 lc
335 2703 430 2747 membre
452 2702 496 2755 dc,
535 2701 962 2758 eomaspondentctlormcntunedoublo

56 2769 141 2824 phrase.
535 2763 619 2808 buison.
640 2788 666 2797 -
684 2764 704 2807 i.
731 2765 871 2817 Protwuatt.
896 2763 962 2817 loyes
1069 2794 1073 2802 .

83 2825 145 2864 m·
163 2820 183 2863 t·
203 2821 249 2865 teto
262 2821 377 2871 tartede.
398 2831 424 2864 ee
447 2818 483 2862 rt·
536 2827 690 2878 rncmcucuon,
702 2827 714 2881 a
728 2826 887 2870 m-asaae
898 2836 962 2878 pra.

58 2884 113 2939 gime
128 2883 224 2928 barbare.
234 2907 261 2918 -·
271 2885 292 2928 Ω.
302 2887 424 2930 sternam
435 2884 482 2926 lte-
536 2889 682 2941 mulcatione,
698 2901 746 2932 saue
755 2889 815 2931 avoir
825 2887 863 2930 luit
874 2887 900 2929 cle
912 2899 963 2942 pro-

58 2949 123 2997 licua,
139 2945 219 3001 ebullit
233 2948 271 3001 qui
287 2960 373 3001 mirque
391 2948 411 2990 lc
429 2957 482 2990 cota
536 2951 627 3007 position
636 2964 662 2994 au
670 2951 816 3007 aucupio-l.
829 2952 855 2995 o‘t
864 2951 961 3000 tolleret.

58 3013 119 3052 teau.
138 3009 170 3052 ot.
186 3009 308 3054 Pateor-une
326 3014 393 3056 acatia
413 3011 481 3066 tcta),
535 3015 696 3067 acuminavit,
716 3025 771 3069 pour
785 3013 854 3056 ubolir
869 3011 962 3054 d'uutrcs

57 3083 84 3114 un
96 3070 192 3115 calamo
206 3071 284 3127 ebarci
295 3073 322 3116 dc
334 3074 406 3128 petua
538 3073 963 3132 loledelltsur,ilcnpropoului·meme
