2284 3496
115 237 147 292 n
245 219 247 223 ⁴
365 246 692 309 rurorrrrctsnoonm,
710 246 781 308 no.

116 360 328 426 alienationem
351 365 640 428 commendationem
668 363 721 426 tibi
748 364 786 428 ad
811 361 919 444 impios
942 364 1022 426 ciues

117 459 180 521 iore
192 461 341 541 putavisti.

156 557 185 618 ἓ.
211 557 287 631 Quid
313 561 456 641 putern¹i
478 568 722 642 contemptumne
746 559 816 621 me?
844 559 908 622 Nou
936 559 1022 621 video

118 655 225 717 necin
255 658 348 735 rita²‚
381 677 437 722 neo
461 659 492 722 in
518 661 646 740 gratia³,
669 677 725 721 nec
751 657 784 720 in
803 656 893 719 rebus
918 657 1021 736 gestis,

119 772 174 815 nec
188 754 219 815 in
233 754 289 817 hoc
311 774 378 819 meo
397 755 617 820 mediocritate
626 756 749 835 ingenii,
771 755 843 835 quid
869 755 1023 836 despicere
1078 795 1080 800 .

118 853 210 932 possit
228 853 405 917 Antonius&
415 855 478 918 Αη5
488 856 518 917 in
531 857 636 918 'scritto
645 854 789 916 incidime
802 852 839 914 de
848 871 896 914 me
906 851 1022 914 detrahi

120 974 206 1035 posse
218 957 365 1019 credidit?
381 958 432 1039 qui
441 958 514 1020 ordo
528 958 704 1020 edacissimis
718 955 832 1019 civibus
846 956 921 1018 bene
934 964 1024 1035 gestae

120 1054 164 1114 rei
178 1053 303 1135 publice
318 1057 520 1119 testimonium
537 1056 650 1134 multis,
668 1055 741 1117 mihi
758 1054 811 1116 uni
826 1060 1024 1117 conservatae⁶

120 1149 211 1214 dedit.
228 1151 274 1214 An
287 1154 439 1216 decertare
453 1173 571 1217 mecum
580 1153 672 1216 voluit
684 1151 873 1216 contentione
890 1151 1026 1238 dicendi?

73 1261 75 1266 ’
120 1247 182 1309 Hoc
196 1249 319 1329 quidem
334 1260 378 1312 est
392 1251 584 1314 beneficium.
606 1251 683 1326 Quid
705 1251 785 1314 enim
808 1251 937 1332 plenius,
953 1248 1024 1330 quid

121 1345 243 1408 uberius
257 1367 345 1429 quam
359 1349 453 1413 mihi⁷
467 1357 496 1412 et
509 1369 563 1432 pro
579 1369 625 1412 mo
641 1357 671 1411 et
683 1356 786 1411 contra
797 1347 959 1409 Antonium
976 1345 1021 1408 di-

122 1444 213 1506 core?
236 1445 332 1508 lliud⁸
348 1447 501 1529 proiecto:
520 1468 580 1510 non
595 1447 775 1509 existimavit
804 1445 850 1508 sui
877 1444 1026 1507 similibus

122 1536 242 1618 probari
257 1559 345 1620 posse
361 1559 393 1602 se
408 1559 474 1602 esse
497 1540 611 1602 hostem
635 1540 751 1622 patrie,
770 1538 827 1599 nisi
852 1538 926 1600 mihi
949 1545 1027 1600 esset

123 1649 275 1694 mimicos.

162 1727 192 1789 3.
213 1727 267 1791 Cui
289 1729 464 1812 priusquam
491 1729 527 1794 de
551 1739 656 1794 ceteris
680 1730 769 1794 rebus
791 1730 971 1812 respondeo,
990 1729 1027 1792 de

123 1827 265 1905 amicitia,
288 1847 376 1908 quom
407 1847 424 1889 a
453 1847 500 1891 me
529 1828 666 1890 violatam
691 1847 757 1891 esse
775 1826 948 1891 criminatus
969 1835 1026 1907 est,

124 1923 203 2005 quod
217 1943 271 2004 ego
283 1925 491 2004 gravissimum
504 1927 618 1988 crimen
630 1926 747 2006 judico,
762 1945 857 2007 pauca
872 1927 980 1988 dicam.

164 2021 202 2083 ΙΙ.
216 2019 324 2084 Contra
332 2042 394 2085 rem
410 2041 494 2085 suam
510 2042 558 2085 me
570 2024 672 2086 nescio
684 2025 803 2106 quando
816 2023 933 2086 venisse
943 2039 1030 2103 ques-

126 2127 173 2181 tus
181 2127 236 2182 est.
249 2118 566 2200 Anegononrenirem
578 2122 817 2184 contraalienum
831 2141 884 2202 pro
891 2119 1029 2183 familiari

126 2225 156 2280 et
163 2218 355 2281 necessario?
370 2238 430 2281 non
442 2219 685 2282 reniremcontro
696 2221 822 2298 gratiam
842 2238 900 2281 non
913 2215 1031 2280 virtutis

127 2333 190 2396 spe,
211 2316 265 2378 sed
283 2317 380 2380 aetatis
408 2310 482 2381 tiore
500 2315 694 2380 collectam¹i
707 2336 768 2380 non
783 2317 915 2380 venirem
930 2323 1031 2379 contra

154 2591 180 2630 Ι.
196 2587 216 2630 i.
230 2588 316 2632 Putem.
325 2587 377 2643 Voy.
386 2588 424 2643 fii,
437 2593 486 2632 note
498 2588 518 2631 Ξ.
527 2611 553 2620 -

607 2593 640 2633 m
655 2587 727 2644 (apros
739 2587 760 2630 lo
770 2585 893 2641 rc'prossion
907 2583 935 2626 do
949 2584 969 2626 la
980 2596 1034 2626 con·

128 2647 150 2691 2.
165 2651 222 2700 vito,
242 2650 276 2692 vio
295 2649 376 2704 privio.
389 2675 416 2682 —
428 2650 449 2693 3.
465 2652 552 2700 Gratia.

606 2651 701 2705 jurationi
720 2649 747 2694 do
767 2649 873 2703 Catilina).
885 2670 912 2679 -
925 2645 945 2689 7.
962 2647 1034 2700 Quom

128 2710 254 2765 populante.
269 2735 296 2744 -
311 2712 331 2755 d.
352 2714 471 2764 Antonius,
493 2711 554 2768 piocd

131 2773 176 2815 ilo
190 2774 217 2816 tiu
232 2775 259 2818 de
271 2775 290 2818 lu
301 2776 386 2830 phrase,
410 2787 460 2829 pour
480 2775 555 2817 ottiror

130 2837 320 2890 porticulicromoot
329 2838 452 2882 i'uttontiou.
462 2838 493 2881 On
506 2841 555 2892 peut

130 2899 225 2943 troduiro
241 2911 279 2953 por
300 2913 310 2941 o
329 2912 357 2942 un
373 2900 467 2943 Autoino
488 2914 507 2942 ι.
529 2923 555 2931 -

131 2963 152 3003 5.
161 2963 200 3004 An.
212 2963 243 3004 En
254 2963 355 3012 franceis.
368 2973 395 3004 ou
410 2968 460 3017 pout
472 2963 556 3016 ajoutm

131 3027 187 3068 donc
196 3036 224 3064 ou
232 3026 346 3074 pent-ecre
357 3023 369 3065 i
379 3023 554 3078 i'intcrropution.

132 3109 158 3117 -
174 3085 196 3128 6.
215 3086 363 3128 σοηκνναιω.
379 3086 409 3129 Gt.
424 3087 482 3129 Post.
501 3087 554 3135 XIV.

132 3162 152 3192 o.
161 3149 174 3191 8
184 3161 189 3188 ε
201 3149 255 3190 itini
262 3149 490 3202 comotiouppttootio
531 3149 556 3191 ot

133 3210 317 3254 consor-rationem
334 3211 417 3254 ctutum
467 3211 556 3254 decreto

608 2715 672 2763 mitti.
695 2719 799 2756 sous-ent.
819 2716 860 2754 cet.
881 2731 908 2740 -
928 2709 949 2752 8.
973 2709 1034 2752 iliud

606 2775 713 2828 profecto.
735 2787 766 2818 sc.
785 2777 827 2823 est,
848 2771 936 2825 indique
951 2783 976 2812 co
996 2769 1034 2823 qui

609 2837 669 2880 snit:
683 2838 703 2880 lo
713 2837 769 2878 voici
789 2831 930 2885 assummum,
946 2832 1004 2875 voici
1016 2832 1036 2872 lc

610 2899 671 2941 motii
679 2899 706 2941 do
718 2912 742 2942 so
754 2897 864 2940 couduite.

637 2965 662 3004 ⁸.
677 2962 696 3004 i.
713 2962 814 3006 Gratiam
871 2959 999 3004 collectum.
1015 2954 1036 2996 la

610 3024 686 3065 iuueur
708 3035 748 3076 quo
771 3023 835 3066 votuit
858 3021 869 3063 it
890 3018 1034 3067 l’odversairo.

610 3098 651 3128 non
664 3097 700 3140 pus
716 3085 804 3140 I'espoir
822 3097 862 3139 quc
879 3083 990 3125 donnaiont
1000 3091 1036 3122 sos

610 3146 699 3202 qualite·
708 3148 805 3196 moratos,
819 3147 908 3189 oraio...
921 3169 947 3177 -
964 3143 994 3187 On
1009 3153 1036 3184 oo

612 3209 653 3251 nit
664 3220 702 3263 pm
716 3209 744 3252 dc
753 3210 801 3263 quel
810 3208 888 3264 procos
899 3208 914 3252 il
928 3207 992 3260 s’opit
999 3202 1035 3246 iot.
