2284 3496
277 235 455 289 mmmmm
472 237 620 299 aeonum,
642 237 702 312 auu?
717 237 772 290 loa.
920 267 924 273 -
956 238 983 290 st

21 359 31 370 ·
67 361 175 416 tamen
191 369 280 435 quam
295 351 331 416 ab
351 352 464 435 dispari
491 351 683 416 tenebantur!
712 352 879 416 studiorum
905 354 984 420 onim

69 468 198 512 suorum
215 451 254 514 li.
269 451 362 513 Varro
373 451 469 513 voluit
488 449 573 529 illud,
590 469 649 512 non
670 450 831 516 libidinum
852 451 985 515 diverso·

68 549 168 610 riuma
221 553 244 595 Ἀ

114 646 185 709 105.
209 646 280 720 Qua
301 645 332 709 in
354 645 405 709 illa
422 645 493 709 uilla
507 656 596 709 antea
609 646 800 710 dicebantur!
825 667 891 729 quaa
905 652 984 730 eogi-

70 742 229 807 tabantur!
264 763 330 825 quae
359 743 465 807 litteris
498 744 731 808 mandabantur!
762 744 853 808 Jura¹
881 749 981 830 populi

70 841 211 918 Romani,
224 841 428 903 monimenta*
443 842 603 920 majorum,
614 841 712 902 omnis
723 840 878 922 sapientiae
885 842 980 906 ratio³

69 940 231 1022 omnisque
244 938 388 1002 doetrinae
397 939 420 1000 ⁸.
432 939 470 1001 m
479 957 558 1011 vero,
567 945 597 1000 te
608 938 817 1019 inquilino,-
827 957 888 1002 non
900 941 980 1005 enim

70 1036 195 1100 domino
207 1036 452 1118 -personabant
465 1038 565 1100 omnia
579 1036 702 1100 vocibus
717 1035 881 1116 ebriorum,
896 1047 981 1102 nata-

70 1132 142 1197 bant
154 1135 321 1216 pavimenta
334 1135 414 1221 vino,
430 1133 589 1198 madebant
601 1133 743 1216 parietes,
759 1133 880 1214 ingenui
895 1137 980 1217 pueri

70 1249 140 1293 oum
156 1231 328 1309 meritoriis,
345 1240 441 1294 sooria
462 1232 541 1294 iuter
552 1239 662 1294 matres
677 1231 807 1296 familias
819 1233 981 1298 versaban-

69 1337 130 1391 tur.
148 1328 256 1392 Casino
269 1328 429 1390 salutatum
441 1327 611 1403 veniebant,
625 1327 758 1408 Aquino,
767 1329 977 1394 Interamna⁵:

69 1425 220 1488 admissus
239 1432 284 1487 est
305 1443 404 1488 nemo.
421 1424 492 1488 lure
507 1423 538 1488 id
557 1423 695 1506 quidem;
712 1425 744 1488 in
758 1426 881 1488 homine
896 1428 977 1490 enim

68 1522 244 1604 turpissimo
259 1520 473 1585 obsolefiebant
483 1520 634 1600 diguitatis
652 1520 811 1600 insigniat.

111 1621 181 1684 luo.
212 1620 286 1684 Cum
310 1620 381 1683 inde
400 1620 525 1684 Romam
549 1618 741 1698 proficiscens
767 1620 804 1682 ad
826 1620 977 1702 Aquinum

70 1717 237 1795 accederet,
258 1717 375 1780 obviam
397 1716 425 1779 ei
441 1716 599 1797 prooessit,
616 1724 649 1779 ut
663 1729 708 1780 est
718 1715 863 1798 frequens
878 1719 977 1782 muni-

70 1815 194 1896 cipium,
216 1833 322 1896 magna
343 1833 414 1877 sane
437 1814 606 1878 multitudo.
623 1814 660 1876 At
679 1814 735 1876 iste
756 1823 857 1896 operta
872 1816 978 1880 lectica

68 1913 146 1976 latus
161 1932 214 1994 per
232 1913 376 1996 oppidum
395 1917 440 1973 est
455 1919 488 1973 ut
502 1919 650 1974 mortuus.
664 1910 777 1977 Stulte¹
794 1913 972 1995 Aquinates,

69 2010 122 2073 sed
136 2017 236 2074 tamen
261 2010 294 2072 in
314 2010 383 2073 via²
409 2008 594 2072 habitabant.
622 2007 699 2083 Quid
725 2009 898 2090 Anagnini?
918 2012 974 2087 Qui

69 2249 126 2292 anino
136 2251 227 2293 misero.
245 2250 287 2293 cos
302 2254 359 2292 moto
377 2255 426 2293 sont
442 2249 494 2293 tirds

69 2311 132 2353 d'une
160 2310 263 2366 traqddie.
294 2311 323 2353 La
352 2311 443 2354 uitation
470 2323 494 2355 oe

549 2252 598 2292 mut
609 2248 641 2292 les
650 2249 702 2292 aaut
710 2248 774 2294 limae
784 2251 973 2307 duotqttuorom,

549 2323 594 2354 una
603 2310 676 2366 eopdoe
688 2310 860 2368 d’enayoloqddle
870 2314 896 2358 de
904 2327 974 2371 oeque

67 2378 138 2416 trouve
153 2372 202 2427 pluo
220 2371 324 2428 complbte
337 2373 452 2426 demedio,
467 2375 494 2418 do

68 2435 117 2488 Off„
133 2435 148 2485 l,
164 2433 246 2490 qtae:
266 2433 371 2479 Odomua
388 2437 491 2490 antiqua,

69 2499 112 2540 neu
131 2508 199 2551 quum
216 2497 306 2552 seqare
320 2499 438 2542 domtoure
450 2497 492 2542 do-

66 2560 139 2602 minoi

92 2624 154 2664 m.
166 2622 186 2664 l.
198 2623 264 2668 Iuro.
281 2619 363 2664 Varron
374 2622 429 2666 avait
438 2621 491 2666 derit

66 2695 224 2737 unouvmqoen
240 2685 315 2740 qniuzo
324 2684 390 2726 limos
403 2685 489 2738 dejure

66 2745 134 2789 diviti.
155 2768 182 2777 -
207 2746 230 2790 a.
252 2748 398 2798 lenimento,
418 2747 488 2789 o’est-

66 2807 138 2849 l-dire
152 2808 320 2861 Antiquitatum
346 2809 401 2852 aare
427 2809 487 2859 llll,-

64 2869 185 2912 Auaola'um
204 2869 259 2912 ture
274 2871 308 2916 ll!
315 2884 323 2921 ,·
342 2871 372 2914 lle
386 2871 434 2914 utto
447 2881 488 2924 qo-

63 2931 113 2986 puli
124 2931 218 2974 Rotnani
239 2933 293 2976 libri
306 2935 342 2984 IV,
357 2937 379 2975 et
398 2931 489 2976 d'autneo

64 3004 164 3048 ouvrages
180 3003 264 3038 encore.
284 3017 310 3028 -.
328 2995 350 3038 3.
367 2995 489 3050 Septenos

63 3056 123 3100 ratio
152 3052 249 3108 (utone,
288 3055 405 3112 systema),
437 3057 500 3101 c'est'

64 3117 171 3174 l'ouvraqo
191 3118 218 3162 ds
239 3116 312 3169 [ormo
335 3119 489 3176 nammatio.

66 3179 118 3228 -ι
140 3177 219 3228 Omnia
235 3179 344 3226 malou
368 3183 436 3230 retia
461 3181 491 3229 00

548 2371 580 2415 las
591 2372 695 2418 Romaim
713 2374 834 2430 appelaient
843 2383 905 2420 ortes
917 2379 974 2421 libe-

547 2435 618 2480 ratu.
627 2435 658 2478 lla
666 2435 686 2477 la
694 2435 880 2494 toulad'oumqes
889 2451 975 2496 oompo-

547 2496 583 2540 σέο
593 2509 631 2552 par
640 2495 721 2541 Vamon
730 2509 757 2540 on
767 2498 801 2542 n’a
813 2501 917 2544 conserua
929 2514 972 2556 quo

547 2557 601 2602 trois
618 2558 684 2602 liures
696 2571 774 2604 retum
788 2564 936 2614 auattoorum.
950 2569 973 2606 et

546 2621 647 2675 quelques
668 2621 732 2666 liures
749 2623 789 2666 dea
803 2624 924 2680 vtnqtotnq
943 2624 971 2668 du

546 2679 611 2726 troiad
630 2683 756 2737 delinquo
783 2687 869 2730 utino.
895 2708 921 2718 -
949 2689 970 2731 5.

546 2743 663 2794 cestuum.
681 2746 800 2799 Aquinum.
825 2749 970 2801 Interamna,

546 2805 607 2848 uillas
614 2805 642 2848 du
650 2807 739 2850 Latium.
747 2831 772 2839 -
778 2807 798 2851 6.
808 2808 970 2862 Odaoteltadoot

540 2867 657 2920 immuto,
670 2869 701 2910 lan
720 2868 814 2924 insignus
826 2870 855 2914 du
875 2873 972 2916 consulat

545 2927 628 2971 ululent
642 2929 713 2973 anilis.

574 2993 637 3034 m.
646 2990 666 3034 t.
674 2992 754 3044 Stulte,
762 2993 861 3049 supplosa
867 2997 971 3050 oqabom.

546 3084 573 3092 -
582 3059 602 3102 2.
617 3062 645 3106 lu
656 3063 701 3106 uio.
716 3063 744 3107 Ge
760 3064 795 3118 qui
807 3065 903 3122 euplique
923 3067 972 3112 laur

546 3123 656 3174 oonduita.
670 3126 723 3168 o'eat
738 3138 778 3182 que
796 3127 844 3171 laur
862 3128 912 3172 ville
935 3137 970 3173 eat

547 3183 616 3232 titudo
632 3197 669 3232 aar
694 3186 714 3232 ln
734 3192 795 3236 ronta
814 3189 861 3246 (uta
878 3191 969 3248 udoni.
