<?xml version="1.0" encoding="UTF-8"?>
<!DOCTYPE html PUBLIC "-//W3C//DTD XHTML 1.0 Transitional//EN"
    "http://www.w3.org/TR/xhtml1/DTD/xhtml1-transitional.dtd">
<html xmlns="http://www.w3.org/1999/xhtml" xml:lang="en" lang="en">
 <head>
  <title>
</title>
<meta http-equiv="Content-Type" content="text/html;charset=utf-8" />
  <meta name='ocr-system' content='tesseract 3.04.00' />
  <meta name='ocr-capabilities' content='ocr_page ocr_carea ocr_par ocr_line ocrx_word'/>
</head>
<body>
  <div class='ocr_page' id='page_1' title='image "./mtulliiciceroni108cicegoog/mtulliiciceroni108cicegoog_0033.png"; bbox 0 0 2284 3496; ppageno 0'>
   <div class='ocr_carea' id='block_1_1' title="bbox 121 211 792 276">
    <p class='ocr_par' dir='ltr' id='par_1_1' title="bbox 121 211 792 276">
     <span class='ocr_line' id='line_1_1' title="bbox 121 211 792 276; baseline 0.001 -14"><span class='ocrx_word' id='word_1_1' title='bbox 121 211 153 262; x_wconf 79' lang='grc' dir='ltr'><strong>ιι</strong></span> <span class='ocrx_word' id='word_1_2' title='bbox 354 215 528 266; x_wconf 77' lang='lat' dir='ltr'><strong>naturarum</strong></span> <span class='ocrx_word' id='word_1_3' title='bbox 546 216 692 276; x_wconf 72' lang='lat' dir='ltr'><strong>secusne,</strong></span> <span class='ocrx_word' id='word_1_4' title='bbox 705 215 749 276; x_wconf 85' lang='grc' dir='ltr'>ιιι,</span> <span class='ocrx_word' id='word_1_5' title='bbox 766 216 792 264; x_wconf 82' lang='lat' dir='ltr'><strong>s.</strong></span> 
     </span>
    </p>
   </div>
   <div class='ocr_carea' id='block_1_2' title="bbox 113 327 1025 2275">
    <p class='ocr_par' dir='ltr' id='par_1_2' title="bbox 120 327 1025 782">
     <span class='ocr_line' id='line_1_2' title="bbox 121 327 1023 414; baseline 0.003 -25"><span class='ocrx_word' id='word_1_6' title='bbox 121 334 254 410; x_wconf 87' lang='lat' dir='ltr'><strong>ternpore</strong></span> <span class='ocrx_word' id='word_1_7' title='bbox 267 335 443 408; x_wconf 77' lang='lat' dir='ltr'><strong>auguratum</strong></span> <span class='ocrx_word' id='word_1_8' title='bbox 457 338 568 411; x_wconf 86' lang='lat' dir='ltr'><strong>petora,</strong></span> <span class='ocrx_word' id='word_1_9' title='bbox 585 349 655 414; x_wconf 84' lang='lat' dir='ltr'><strong>eum</strong></span> <span class='ocrx_word' id='word_1_10' title='bbox 669 331 699 392; x_wconf 92' lang='lat' dir='ltr'><strong>in</strong></span> <span class='ocrx_word' id='word_1_11' title='bbox 714 329 798 394; x_wconf 87' lang='lat' dir='ltr'><strong>ltalia</strong></span> <span class='ocrx_word' id='word_1_12' title='bbox 810 327 842 394; x_wconf 83' lang='lat' dir='ltr'><strong>C.</strong></span> <span class='ocrx_word' id='word_1_13' title='bbox 859 328 947 392; x_wconf 86' lang='lat' dir='ltr'><strong>Curio</strong></span> <span class='ocrx_word' id='word_1_14' title='bbox 964 348 1023 392; x_wconf 90' lang='lat' dir='ltr'><strong>non</strong></span> 
     </span>
     <span class='ocr_line' id='line_1_3' title="bbox 120 425 1022 506; baseline 0.004 -20"><span class='ocrx_word' id='word_1_15' title='bbox 120 425 239 488; x_wconf 74' lang='lat' dir='ltr'><strong>esset⁵t</strong></span> <span class='ocrx_word' id='word_1_16' title='bbox 259 434 400 505; x_wconf 79' lang='lat' dir='ltr'><strong>sottum,</strong></span> <span class='ocrx_word' id='word_1_17' title='bbox 425 446 490 492; x_wconf 89' lang='lat' dir='ltr'><strong>cum</strong></span> <span class='ocrx_word' id='word_1_18' title='bbox 511 447 543 490; x_wconf 92' lang='lat' dir='ltr'><strong>es</strong></span> <span class='ocrx_word' id='word_1_19' title='bbox 561 428 689 506; x_wconf 68' lang='lat' dir='ltr'><strong>saritusfl,</strong></span> <span class='ocrx_word' id='word_1_20' title='bbox 706 447 795 490; x_wconf 88' lang='lat' dir='ltr'><strong>unam</strong></span> <span class='ocrx_word' id='word_1_21' title='bbox 820 427 931 492; x_wconf 79' lang='lat' dir='ltr'><strong>tribum</strong></span> <span class='ocrx_word' id='word_1_22' title='bbox 957 428 1022 490; x_wconf 90' lang='lat' dir='ltr'><strong>siue</strong></span> 
     </span>
     <span class='ocr_line' id='line_1_4' title="bbox 120 521 1023 606; baseline 0 -20"><span class='ocrx_word' id='word_1_23' title='bbox 120 521 269 586; x_wconf 85' lang='lat' dir='ltr'><strong>Curione⁷</strong></span> <span class='ocrx_word' id='word_1_24' title='bbox 291 524 371 588; x_wconf 81' lang='lat' dir='ltr'><strong>ferre</strong></span> <span class='ocrx_word' id='word_1_25' title='bbox 393 526 563 606; x_wconf 77' lang='lat' dir='ltr'><strong>potuisses?</strong></span> <span class='ocrx_word' id='word_1_26' title='bbox 582 527 668 606; x_wconf 89' lang='lat' dir='ltr'><strong>cujus</strong></span> <span class='ocrx_word' id='word_1_27' title='bbox 691 527 780 588; x_wconf 89' lang='lat' dir='ltr'><strong>etiam</strong></span> <span class='ocrx_word' id='word_1_28' title='bbox 804 525 966 588; x_wconf 78' lang='lat' dir='ltr'><strong>familiares</strong></span> <span class='ocrx_word' id='word_1_29' title='bbox 986 525 1023 588; x_wconf 91' lang='lat' dir='ltr'><strong>de</strong></span> 
     </span>
     <span class='ocr_line' id='line_1_5' title="bbox 121 620 1025 705; baseline 0.007 -25"><span class='ocrx_word' id='word_1_30' title='bbox 121 620 149 682; x_wconf 86' lang='lat' dir='ltr'><strong>vi</strong></span> <span class='ocrx_word' id='word_1_31' title='bbox 173 622 360 686; x_wconf 86' lang='lat' dir='ltr'><strong>condemnati</strong></span> <span class='ocrx_word' id='word_1_32' title='bbox 390 633 470 699; x_wconf 90' lang='lat' dir='ltr'><strong>sunt,</strong></span> <span class='ocrx_word' id='word_1_33' title='bbox 493 625 573 705; x_wconf 84' lang='lat' dir='ltr'><strong>quod</strong></span> <span class='ocrx_word' id='word_1_34' title='bbox 610 624 654 686; x_wconf 90' lang='lat' dir='ltr'><strong>tui</strong></span> <span class='ocrx_word' id='word_1_35' title='bbox 680 625 771 686; x_wconf 91' lang='lat' dir='ltr'><strong>nimis</strong></span> <span class='ocrx_word' id='word_1_36' title='bbox 802 624 930 688; x_wconf 90' lang='lat' dir='ltr'><strong>studiosi</strong></span> <span class='ocrx_word' id='word_1_37' title='bbox 953 624 1025 686; x_wconf 84' lang='lat' dir='ltr'><strong>fuis-</strong></span> 
     </span>
     <span class='ocr_line' id='line_1_6' title="bbox 120 721 221 782; baseline 0 0"><span class='ocrx_word' id='word_1_38' title='bbox 120 721 221 782; x_wconf 81' lang='lat' dir='ltr'><strong>sent⁸.</strong></span> 
     </span>
    </p>

    <p class='ocr_par' dir='ltr' id='par_1_3' title="bbox 113 818 1022 2275">
     <span class='ocr_line' id='line_1_7' title="bbox 160 818 1022 904; baseline 0 -22"><span class='ocrx_word' id='word_1_39' title='bbox 160 818 216 883; x_wconf 88' lang='lat' dir='ltr'><strong>III.</strong></span> <span class='ocrx_word' id='word_1_40' title='bbox 233 820 262 882; x_wconf 90' lang='lat'><strong>5.</strong></span> <span class='ocrx_word' id='word_1_41' title='bbox 278 819 315 882; x_wconf 84' lang='lat' dir='ltr'><strong>At</strong></span> <span class='ocrx_word' id='word_1_42' title='bbox 327 819 471 882; x_wconf 88' lang='lat' dir='ltr'><strong>beneficio</strong></span> <span class='ocrx_word' id='word_1_43' title='bbox 488 840 553 882; x_wconf 90' lang='lat' dir='ltr'><strong>sum</strong></span> <span class='ocrx_word' id='word_1_44' title='bbox 574 829 624 882; x_wconf 91' lang='lat' dir='ltr'><strong>tuo</strong></span> <span class='ocrx_word' id='word_1_45' title='bbox 645 839 728 884; x_wconf 89' lang='lat' dir='ltr'><strong>usus.</strong></span> <span class='ocrx_word' id='word_1_46' title='bbox 748 819 833 894; x_wconf 81' lang='lat' dir='ltr'><strong>Quo‘i</strong></span> <span class='ocrx_word' id='word_1_47' title='bbox 854 839 1022 904; x_wconf 83' lang='lat' dir='ltr'><strong>quanquam</strong></span> 
     </span>
     <span class='ocr_line' id='line_1_8' title="bbox 119 914 1020 1000; baseline 0.002 -22"><span class='ocrx_word' id='word_1_48' title='bbox 119 914 194 979; x_wconf 89' lang='lat' dir='ltr'><strong>illud</strong></span> <span class='ocrx_word' id='word_1_49' title='bbox 208 917 328 1000; x_wconf 84' lang='lat' dir='ltr'><strong>ipsum¹</strong></span> <span class='ocrx_word' id='word_1_50' title='bbox 343 919 424 1000; x_wconf 91' lang='lat' dir='ltr'><strong>quod</strong></span> <span class='ocrx_word' id='word_1_51' title='bbox 441 937 657 982; x_wconf 84' lang='lat' dir='ltr'><strong>commemoras</strong></span> <span class='ocrx_word' id='word_1_52' title='bbox 676 937 795 1000; x_wconf 86' lang='lat' dir='ltr'><strong>semper</strong></span> <span class='ocrx_word' id='word_1_53' title='bbox 812 937 873 1000; x_wconf 85' lang='lat' dir='ltr'><strong>praa</strong></span> <span class='ocrx_word' id='word_1_54' title='bbox 885 937 933 980; x_wconf 90' lang='lat' dir='ltr'><strong>ma</strong></span> <span class='ocrx_word' id='word_1_55' title='bbox 952 919 1020 980; x_wconf 90' lang='lat' dir='ltr'><strong>tuli:</strong></span> 
     </span>
     <span class='ocr_line' id='line_1_9' title="bbox 118 1015 1022 1098; baseline 0.002 -22"><span class='ocrx_word' id='word_1_56' title='bbox 118 1015 209 1078; x_wconf 90' lang='lat' dir='ltr'><strong>malui</strong></span> <span class='ocrx_word' id='word_1_57' title='bbox 228 1035 275 1078; x_wconf 89' lang='lat' dir='ltr'><strong>me</strong></span> <span class='ocrx_word' id='word_1_58' title='bbox 298 1015 351 1081; x_wconf 90' lang='lat' dir='ltr'><strong>tibi</strong></span> <span class='ocrx_word' id='word_1_59' title='bbox 376 1016 485 1080; x_wconf 89' lang='lat' dir='ltr'><strong>debere</strong></span> <span class='ocrx_word' id='word_1_60' title='bbox 500 1017 636 1080; x_wconf 87' lang='lat' dir='ltr'><strong>confiteri</strong></span> <span class='ocrx_word' id='word_1_61' title='bbox 656 1036 743 1098; x_wconf 86' lang='lat' dir='ltr'><strong>quam</strong></span> <span class='ocrx_word' id='word_1_62' title='bbox 767 1016 907 1098; x_wconf 87' lang='lat' dir='ltr'><strong>cuiquam</strong></span> <span class='ocrx_word' id='word_1_63' title='bbox 922 1016 1022 1078; x_wconf 91' lang='lat' dir='ltr'><strong>minus</strong></span> 
     </span>
     <span class='ocr_line' id='line_1_10' title="bbox 117 1113 1022 1196; baseline 0.002 -22"><span class='ocrx_word' id='word_1_64' title='bbox 117 1113 276 1195; x_wconf 69' lang='lat' dir='ltr'><strong>prudenti*</strong></span> <span class='ocrx_word' id='word_1_65' title='bbox 300 1132 360 1176; x_wconf 91' lang='lat' dir='ltr'><strong>non</strong></span> <span class='ocrx_word' id='word_1_66' title='bbox 379 1115 450 1176; x_wconf 89' lang='lat' dir='ltr'><strong>satis</strong></span> <span class='ocrx_word' id='word_1_67' title='bbox 468 1123 567 1194; x_wconf 84' lang='lat' dir='ltr'><strong>gratus</strong></span> <span class='ocrx_word' id='word_1_68' title='bbox 586 1115 692 1178; x_wconf 87' lang='lat' dir='ltr'><strong>videri.</strong></span> <span class='ocrx_word' id='word_1_69' title='bbox 709 1114 768 1180; x_wconf 90' lang='lat' dir='ltr'><strong>Sed</strong></span> <span class='ocrx_word' id='word_1_70' title='bbox 783 1135 841 1196; x_wconf 90' lang='lat' dir='ltr'><strong>quo</strong></span> <span class='ocrx_word' id='word_1_71' title='bbox 854 1114 1022 1177; x_wconf 79' lang='lat' dir='ltr'><strong>beneficio?</strong></span> 
     </span>
     <span class='ocr_line' id='line_1_11' title="bbox 118 1212 1020 1295; baseline 0.001 -22"><span class='ocrx_word' id='word_1_72' title='bbox 118 1212 199 1292; x_wconf 90' lang='lat' dir='ltr'><strong>quod</strong></span> <span class='ocrx_word' id='word_1_73' title='bbox 214 1230 260 1274; x_wconf 90' lang='lat' dir='ltr'><strong>me</strong></span> <span class='ocrx_word' id='word_1_74' title='bbox 274 1212 426 1274; x_wconf 87' lang='lat' dir='ltr'><strong>Brundisii</strong></span> <span class='ocrx_word' id='word_1_75' title='bbox 441 1232 501 1275; x_wconf 92' lang='lat' dir='ltr'><strong>non</strong></span> <span class='ocrx_word' id='word_1_76' title='bbox 516 1212 701 1276; x_wconf 73' lang='lat' dir='ltr'><strong>occideris³i</strong></span> <span class='ocrx_word' id='word_1_77' title='bbox 713 1214 806 1288; x_wconf 85' lang='lat' dir='ltr'><strong>Quem</strong></span> <span class='ocrx_word' id='word_1_78' title='bbox 820 1214 884 1295; x_wconf 90' lang='lat' dir='ltr'><strong>ipse</strong></span> <span class='ocrx_word' id='word_1_79' title='bbox 899 1213 1020 1290; x_wconf 81' lang='lat' dir='ltr'><strong>victor⁴,</strong></span> 
     </span>
     <span class='ocr_line' id='line_1_12' title="bbox 118 1309 1022 1392; baseline 0.002 -21"><span class='ocrx_word' id='word_1_80' title='bbox 118 1309 169 1390; x_wconf 90' lang='lat' dir='ltr'><strong>qui</strong></span> <span class='ocrx_word' id='word_1_81' title='bbox 185 1309 249 1389; x_wconf 88' lang='lat' dir='ltr'><strong>tibi,</strong></span> <span class='ocrx_word' id='word_1_82' title='bbox 263 1318 295 1372; x_wconf 91' lang='lat' dir='ltr'><strong>ut</strong></span> <span class='ocrx_word' id='word_1_83' title='bbox 305 1317 367 1372; x_wconf 90' lang='lat' dir='ltr'><strong>tuto</strong></span> <span class='ocrx_word' id='word_1_84' title='bbox 381 1310 502 1390; x_wconf 77' lang='lat' dir='ltr'><strong>gloriari</strong></span> <span class='ocrx_word' id='word_1_85' title='bbox 517 1311 645 1392; x_wconf 81' lang='lat' dir='ltr'><strong>solebas,</strong></span> <span class='ocrx_word' id='word_1_86' title='bbox 655 1312 803 1376; x_wconf 89' lang='lat' dir='ltr'><strong>detulerat</strong></span> <span class='ocrx_word' id='word_1_87' title='bbox 813 1331 848 1374; x_wconf 83' lang='lat' dir='ltr'><strong>ex</strong></span> <span class='ocrx_word' id='word_1_88' title='bbox 857 1311 1022 1376; x_wconf 88' lang='lat' dir='ltr'><strong>latronibus</strong></span> 
     </span>
     <span class='ocr_line' id='line_1_13' title="bbox 121 1409 1021 1492; baseline -0.001 -21"><span class='ocrx_word' id='word_1_89' title='bbox 121 1409 183 1472; x_wconf 89' lang='lat' dir='ltr'><strong>suis</strong></span> <span class='ocrx_word' id='word_1_90' title='bbox 206 1409 418 1492; x_wconf 80' lang='lat' dir='ltr'><strong>principatum,</strong></span> <span class='ocrx_word' id='word_1_91' title='bbox 441 1411 553 1475; x_wconf 90' lang='lat' dir='ltr'><strong>salvum</strong></span> <span class='ocrx_word' id='word_1_92' title='bbox 575 1429 641 1474; x_wconf 91' lang='lat' dir='ltr'><strong>esse</strong></span> <span class='ocrx_word' id='word_1_93' title='bbox 660 1411 832 1488; x_wconf 83' lang='lat' dir='ltr'><strong>voluisset⁵,</strong></span> <span class='ocrx_word' id='word_1_94' title='bbox 855 1411 888 1472; x_wconf 91' lang='lat' dir='ltr'><strong>in</strong></span> <span class='ocrx_word' id='word_1_95' title='bbox 906 1410 1021 1473; x_wconf 89' lang='lat' dir='ltr'><strong>ltaliam</strong></span> 
     </span>
     <span class='ocr_line' id='line_1_14' title="bbox 116 1505 1022 1589; baseline 0 -20"><span class='ocrx_word' id='word_1_96' title='bbox 116 1505 161 1570; x_wconf 88' lang='lat' dir='ltr'><strong>ire</strong></span> <span class='ocrx_word' id='word_1_97' title='bbox 180 1507 332 1588; x_wconf 82' lang='lat' dir='ltr'><strong>jussisset,</strong></span> <span class='ocrx_word' id='word_1_98' title='bbox 349 1527 419 1570; x_wconf 90' lang='lat' dir='ltr'><strong>eum</strong></span> <span class='ocrx_word' id='word_1_99' title='bbox 441 1515 473 1570; x_wconf 93' lang='lat' dir='ltr'><strong>tu</strong></span> <span class='ocrx_word' id='word_1_100' title='bbox 488 1509 663 1572; x_wconf 72' lang='lat' dir='ltr'><strong>occideres?</strong></span> <span class='ocrx_word' id='word_1_101' title='bbox 678 1508 736 1570; x_wconf 79' lang='lat' dir='ltr'><strong>Fac</strong></span> <span class='ocrx_word' id='word_1_102' title='bbox 758 1508 921 1589; x_wconf 77' lang='lat' dir='ltr'><strong>potuisse⁸.</strong></span> <span class='ocrx_word' id='word_1_103' title='bbox 937 1505 1022 1579; x_wconf 86' lang='lat' dir='ltr'><strong>Quod</strong></span> 
     </span>
     <span class='ocr_line' id='line_1_15' title="bbox 119 1604 1020 1687; baseline 0 -21"><span class='ocrx_word' id='word_1_104' title='bbox 119 1613 164 1668; x_wconf 91' lang='lat' dir='ltr'><strong>est</strong></span> <span class='ocrx_word' id='word_1_105' title='bbox 175 1605 269 1685; x_wconf 87' lang='lat' dir='ltr'><strong>aliud,</strong></span> <span class='ocrx_word' id='word_1_106' title='bbox 289 1614 391 1686; x_wconf 90' lang='lat' dir='ltr'><strong>patres</strong></span> <span class='ocrx_word' id='word_1_107' title='bbox 406 1606 578 1687; x_wconf 79' lang='lat' dir='ltr'><strong>conscripti,</strong></span> <span class='ocrx_word' id='word_1_108' title='bbox 595 1605 772 1668; x_wconf 80' lang='lat' dir='ltr'><strong>heneficium</strong></span> <span class='ocrx_word' id='word_1_109' title='bbox 787 1605 948 1684; x_wconf 91' lang='lat' dir='ltr'><strong>latronum,</strong></span> <span class='ocrx_word' id='word_1_110' title='bbox 962 1604 1020 1668; x_wconf 90' lang='lat' dir='ltr'><strong>nisi</strong></span> 
     </span>
     <span class='ocr_line' id='line_1_16' title="bbox 116 1703 1020 1786; baseline 0.002 -20"><span class='ocrx_word' id='word_1_111' title='bbox 116 1710 149 1766; x_wconf 91' lang='lat' dir='ltr'><strong>ut</strong></span> <span class='ocrx_word' id='word_1_112' title='bbox 172 1722 405 1768; x_wconf 88' lang='lat' dir='ltr'><strong>commemorare</strong></span> <span class='ocrx_word' id='word_1_113' title='bbox 433 1704 548 1786; x_wconf 91' lang='lat' dir='ltr'><strong>possint</strong></span> <span class='ocrx_word' id='word_1_114' title='bbox 573 1704 610 1766; x_wconf 87' lang='lat' dir='ltr'><strong>iis</strong></span> <span class='ocrx_word' id='word_1_115' title='bbox 628 1721 660 1765; x_wconf 91' lang='lat' dir='ltr'><strong>se</strong></span> <span class='ocrx_word' id='word_1_116' title='bbox 676 1703 794 1766; x_wconf 83' lang='lat' dir='ltr'><strong>dedisse</strong></span> <span class='ocrx_word' id='word_1_117' title='bbox 807 1704 898 1766; x_wconf 86' lang='lat' dir='ltr'><strong>vitam</strong></span> <span class='ocrx_word' id='word_1_118' title='bbox 911 1703 1020 1785; x_wconf 86' lang='lat' dir='ltr'><strong>quibus</strong></span> 
     </span>
     <span class='ocr_line' id='line_1_17' title="bbox 117 1801 1019 1884; baseline 0 -20"><span class='ocrx_word' id='word_1_119' title='bbox 117 1821 177 1864; x_wconf 90' lang='grc' dir='ltr'>ιιοιι</span> <span class='ocrx_word' id='word_1_120' title='bbox 196 1801 382 1864; x_wconf 77' lang='lat' dir='ltr'><strong>ademerint?</strong></span> <span class='ocrx_word' id='word_1_121' title='bbox 399 1803 483 1878; x_wconf 84' lang='lat' dir='ltr'><strong>Quod</strong></span> <span class='ocrx_word' id='word_1_122' title='bbox 499 1802 524 1864; x_wconf 92' lang='lat' dir='ltr'><strong>si</strong></span> <span class='ocrx_word' id='word_1_123' title='bbox 542 1808 622 1866; x_wconf 88' lang='lat' dir='ltr'><strong>esset</strong></span> <span class='ocrx_word' id='word_1_124' title='bbox 640 1801 840 1880; x_wconf 87' lang='lat' dir='ltr'><strong>beneficium,</strong></span> <span class='ocrx_word' id='word_1_125' title='bbox 867 1821 1019 1884; x_wconf 88' lang='lat' dir='ltr'><strong>nunquam</strong></span> 
     </span>
     <span class='ocr_line' id='line_1_18' title="bbox 115 1899 1019 1982; baseline 0.002 -22"><span class='ocrx_word' id='word_1_126' title='bbox 115 1899 166 1980; x_wconf 90' lang='lat' dir='ltr'><strong>qui</strong></span> <span class='ocrx_word' id='word_1_127' title='bbox 187 1900 273 1964; x_wconf 90' lang='lat' dir='ltr'><strong>illum</strong></span> <span class='ocrx_word' id='word_1_128' title='bbox 294 1900 507 1964; x_wconf 80' lang='lat' dir='ltr'><strong>interfecerunt</strong></span> <span class='ocrx_word' id='word_1_129' title='bbox 522 1920 612 1982; x_wconf 85' lang='lat' dir='ltr'><strong>aquo</strong></span> <span class='ocrx_word' id='word_1_130' title='bbox 628 1908 712 1964; x_wconf 89' lang='lat' dir='ltr'><strong>erant</strong></span> <span class='ocrx_word' id='word_1_131' title='bbox 734 1900 930 1978; x_wconf 72' lang='lat' dir='ltr'><strong>conservati²‚</strong></span> <span class='ocrx_word' id='word_1_132' title='bbox 944 1919 1019 1982; x_wconf 88' lang='lat' dir='ltr'><strong>quos</strong></span> 
     </span>
     <span class='ocr_line' id='line_1_19' title="bbox 115 1997 1020 2082; baseline 0.002 -24"><span class='ocrx_word' id='word_1_133' title='bbox 115 2005 147 2059; x_wconf 91' lang='lat' dir='ltr'><strong>tu</strong></span> <span class='ocrx_word' id='word_1_134' title='bbox 163 1997 344 2061; x_wconf 86' lang='lat' dir='ltr'><strong>clarissimos</strong></span> <span class='ocrx_word' id='word_1_135' title='bbox 358 1999 436 2062; x_wconf 90' lang='lat' dir='ltr'><strong>viros</strong></span> <span class='ocrx_word' id='word_1_136' title='bbox 449 1999 527 2082; x_wconf 89' lang='lat' dir='ltr'><strong>soles</strong></span> <span class='ocrx_word' id='word_1_137' title='bbox 538 1998 700 2080; x_wconf 83' lang='lat' dir='ltr'><strong>appellare,</strong></span> <span class='ocrx_word' id='word_1_138' title='bbox 717 2006 830 2061; x_wconf 89' lang='lat' dir='ltr'><strong>tautam</strong></span> <span class='ocrx_word' id='word_1_139' title='bbox 845 2007 945 2061; x_wconf 89' lang='lat' dir='ltr'><strong>essent</strong></span> <span class='ocrx_word' id='word_1_140' title='bbox 959 1999 1020 2078; x_wconf 83' lang='lat' dir='ltr'><strong>glo·</strong></span> 
     </span>
     <span class='ocr_line' id='line_1_20' title="bbox 116 2095 1019 2179; baseline 0.003 -23"><span class='ocrx_word' id='word_1_141' title='bbox 116 2095 191 2158; x_wconf 91' lang='lat' dir='ltr'><strong>riam</strong></span> <span class='ocrx_word' id='word_1_142' title='bbox 213 2095 375 2160; x_wconf 87' lang='lat' dir='ltr'><strong>consecuti.</strong></span> <span class='ocrx_word' id='word_1_143' title='bbox 396 2095 488 2169; x_wconf 85' lang='lat' dir='ltr'><strong>Quale</strong></span> <span class='ocrx_word' id='word_1_144' title='bbox 507 2104 606 2158; x_wconf 87' lang='lat' dir='ltr'><strong>autem</strong></span> <span class='ocrx_word' id='word_1_145' title='bbox 628 2096 807 2159; x_wconf 83' lang='lat' dir='ltr'><strong>beneficium</strong></span> <span class='ocrx_word' id='word_1_146' title='bbox 830 2097 970 2179; x_wconf 86' lang='lat' dir='ltr'><strong>estquod</strong></span> <span class='ocrx_word' id='word_1_147' title='bbox 990 2104 1019 2160; x_wconf 89' lang='lat' dir='ltr'><strong>te</strong></span> 
     </span>
     <span class='ocr_line' id='line_1_21' title="bbox 113 2191 1019 2275; baseline 0.002 -19"><span class='ocrx_word' id='word_1_148' title='bbox 113 2191 291 2257; x_wconf 86' lang='lat' dir='ltr'><strong>abstinueris</strong></span> <span class='ocrx_word' id='word_1_149' title='bbox 306 2193 420 2257; x_wconf 82' lang='lat' dir='ltr'><strong>nefario</strong></span> <span class='ocrx_word' id='word_1_150' title='bbox 436 2193 570 2258; x_wconf 78' lang='lat' dir='ltr'><strong>scelera?</strong></span> <span class='ocrx_word' id='word_1_151' title='bbox 585 2196 648 2270; x_wconf 86' lang='lat' dir='ltr'><strong>Qua</strong></span> <span class='ocrx_word' id='word_1_152' title='bbox 662 2193 694 2258; x_wconf 95' lang='lat' dir='ltr'><strong>in</strong></span> <span class='ocrx_word' id='word_1_153' title='bbox 708 2214 741 2260; x_wconf 90' lang='lat' dir='ltr'><strong>re</strong></span> <span class='ocrx_word' id='word_1_154' title='bbox 751 2213 811 2258; x_wconf 89' lang='lat' dir='ltr'><strong>non</strong></span> <span class='ocrx_word' id='word_1_155' title='bbox 829 2202 890 2258; x_wconf 92' lang='lat' dir='ltr'><strong>tam</strong></span> <span class='ocrx_word' id='word_1_156' title='bbox 906 2195 1019 2275; x_wconf 86' lang='lat' dir='ltr'><strong>jucun·</strong></span> 
     </span>
    </p>
   </div>
   <div class='ocr_carea' id='block_1_3' title="bbox 99 2433 538 3250">
    <p class='ocr_par' dir='ltr' id='par_1_4' title="bbox 107 2433 538 2993">
     <span class='ocr_line' id='line_1_22' title="bbox 111 2433 538 2488; baseline -0.007 -8"><span class='ocrx_word' id='word_1_157' title='bbox 111 2435 157 2480; x_wconf 73' lang='lat' dir='ltr'><strong>ttat</strong></span> <span class='ocrx_word' id='word_1_158' title='bbox 164 2434 312 2488; x_wconf 71' lang='lat' dir='ltr'><strong>de.-5.‡Non</strong></span> <span class='ocrx_word' id='word_1_159' title='bbox 324 2441 387 2480; x_wconf 80' lang='lat' dir='ltr'><strong>esset.</strong></span> <span class='ocrx_word' id='word_1_160' title='bbox 396 2434 474 2478; x_wconf 78' lang='lat' dir='ltr'><strong>Curios</strong></span> <span class='ocrx_word' id='word_1_161' title='bbox 484 2433 538 2477; x_wconf 75' lang='lat' dir='ltr'><strong>dtait</strong></span> 
     </span>
     <span class='ocr_line' id='line_1_23' title="bbox 110 2497 538 2553; baseline -0.002 -14"><span class='ocrx_word' id='word_1_162' title='bbox 110 2498 167 2539; x_wconf 82' lang='lat' dir='ltr'><strong>alors</strong></span> <span class='ocrx_word' id='word_1_163' title='bbox 179 2501 317 2552; x_wconf 84' lang='lat' dir='ltr'><strong>proquesteur</strong></span> <span class='ocrx_word' id='word_1_164' title='bbox 331 2497 382 2540; x_wconf 87' lang='lat' dir='ltr'><strong>daus</strong></span> <span class='ocrx_word' id='word_1_165' title='bbox 401 2498 422 2539; x_wconf 85' lang='lat' dir='ltr'><strong>la</strong></span> <span class='ocrx_word' id='word_1_166' title='bbox 438 2498 538 2553; x_wconf 81' lang='lat' dir='ltr'><strong>province</strong></span> 
     </span>
     <span class='ocr_line' id='line_1_24' title="bbox 111 2557 537 2612; baseline 0 -12"><span class='ocrx_word' id='word_1_167' title='bbox 111 2559 191 2603; x_wconf 79' lang='lat' dir='ltr'><strong>d&#39;Asie.</strong></span> <span class='ocrx_word' id='word_1_168' title='bbox 202 2558 258 2602; x_wconf 84' lang='lat'><strong>-6.</strong></span> <span class='ocrx_word' id='word_1_169' title='bbox 275 2559 329 2604; x_wconf 78' lang='lat' dir='ltr'><strong>Gom</strong></span> <span class='ocrx_word' id='word_1_170' title='bbox 345 2571 368 2603; x_wconf 83' lang='lat' dir='ltr'><strong>ea</strong></span> <span class='ocrx_word' id='word_1_171' title='bbox 387 2557 471 2612; x_wconf 70' lang='lat' dir='ltr'><strong>factas.</strong></span> <span class='ocrx_word' id='word_1_172' title='bbox 490 2559 537 2601; x_wconf 83' lang='lat' dir='ltr'><strong>An-</strong></span> 
     </span>
     <span class='ocr_line' id='line_1_25' title="bbox 108 2620 536 2680; baseline -0.002 -17"><span class='ocrx_word' id='word_1_173' title='bbox 108 2621 166 2664; x_wconf 86' lang='lat' dir='ltr'><strong>toine</strong></span> <span class='ocrx_word' id='word_1_174' title='bbox 176 2620 336 2680; x_wconf 64' lang='lat' dir='ltr'><strong>devintaussure</strong></span> <span class='ocrx_word' id='word_1_175' title='bbox 345 2634 371 2664; x_wconf 85' lang='lat' dir='ltr'><strong>ou</strong></span> <span class='ocrx_word' id='word_1_176' title='bbox 378 2621 411 2672; x_wconf 84' lang='grc'><strong>50,</strong></span> <span class='ocrx_word' id='word_1_177' title='bbox 422 2621 465 2665; x_wconf 72' lang='lat' dir='ltr'><strong>ila</strong></span> <span class='ocrx_word' id='word_1_178' title='bbox 476 2621 536 2676; x_wconf 82' lang='lat' dir='ltr'><strong>place</strong></span> 
     </span>
     <span class='ocr_line' id='line_1_26' title="bbox 109 2683 535 2730; baseline 0 -4"><span class='ocrx_word' id='word_1_179' title='bbox 109 2683 269 2728; x_wconf 84' lang='lat' dir='ltr'><strong>d&#39;ttortousius.</strong></span> <span class='ocrx_word' id='word_1_180' title='bbox 279 2708 306 2716; x_wconf 93' lang='lat'>—</span> <span class='ocrx_word' id='word_1_181' title='bbox 317 2685 338 2728; x_wconf 85' lang='grc'><strong>7.</strong></span> <span class='ocrx_word' id='word_1_182' title='bbox 357 2686 412 2730; x_wconf 81' lang='lat' dir='ltr'><strong>stoc</strong></span> <span class='ocrx_word' id='word_1_183' title='bbox 431 2683 535 2727; x_wconf 78' lang='lat' dir='ltr'><strong>cortone.</strong></span> 
     </span>
     <span class='ocr_line' id='line_1_27' title="bbox 113 2743 536 2802; baseline 0 -14"><span class='ocrx_word' id='word_1_184' title='bbox 113 2746 166 2801; x_wconf 74' lang='lat' dir='ltr'><strong>Voy.</strong></span> <span class='ocrx_word' id='word_1_185' title='bbox 174 2745 348 2802; x_wconf 61' lang='lat' dir='ltr'><strong>lntrod.,flsstla</strong></span> <span class='ocrx_word' id='word_1_186' title='bbox 358 2747 396 2789; x_wconf 83' lang='lat' dir='ltr'><strong>tin.</strong></span> <span class='ocrx_word' id='word_1_187' title='bbox 407 2769 427 2778; x_wconf 89' lang='lat'><em>-</em></span> <span class='ocrx_word' id='word_1_188' title='bbox 435 2743 456 2788; x_wconf 84' lang='lat'><strong>8.</strong></span> <span class='ocrx_word' id='word_1_189' title='bbox 469 2747 536 2789; x_wconf 79' lang='lat' dir='ltr'><strong>Fata-</strong></span> 
     </span>
     <span class='ocr_line' id='line_1_28' title="bbox 110 2808 535 2866; baseline -0.002 -14"><span class='ocrx_word' id='word_1_190' title='bbox 110 2815 168 2860; x_wconf 80' lang='lat' dir='ltr'><strong>aent‚</strong></span> <span class='ocrx_word' id='word_1_191' title='bbox 188 2823 216 2852; x_wconf 86' lang='lat' dir='ltr'><strong>au</strong></span> <span class='ocrx_word' id='word_1_192' title='bbox 241 2810 363 2866; x_wconf 72' lang='lat' dir='ltr'><strong>subjunctis,</strong></span> <span class='ocrx_word' id='word_1_193' title='bbox 380 2821 443 2866; x_wconf 84' lang='lat' dir='ltr'><strong>parce</strong></span> <span class='ocrx_word' id='word_1_194' title='bbox 461 2819 501 2862; x_wconf 86' lang='lat' dir='ltr'><strong>que</strong></span> <span class='ocrx_word' id='word_1_195' title='bbox 514 2808 535 2851; x_wconf 85' lang='lat' dir='ltr'><strong>le</strong></span> 
     </span>
     <span class='ocr_line' id='line_1_29' title="bbox 109 2869 535 2928; baseline 0.002 -14"><span class='ocrx_word' id='word_1_196' title='bbox 109 2874 172 2916; x_wconf 84' lang='lat' dir='ltr'><strong>motis</strong></span> <span class='ocrx_word' id='word_1_197' title='bbox 191 2879 224 2917; x_wconf 90' lang='lat' dir='ltr'><strong>est</strong></span> <span class='ocrx_word' id='word_1_198' title='bbox 247 2873 343 2928; x_wconf 72' lang='lat' dir='ltr'><strong>exprimo</strong></span> <span class='ocrx_word' id='word_1_199' title='bbox 370 2884 453 2916; x_wconf 87' lang='lat' dir='ltr'><strong>comma</strong></span> <span class='ocrx_word' id='word_1_200' title='bbox 475 2869 535 2915; x_wconf 74' lang='lat' dir='ltr'><strong>etant</strong></span> 
     </span>
     <span class='ocr_line' id='line_1_30' title="bbox 107 2935 343 2993; baseline 0.004 -16"><span class='ocrx_word' id='word_1_201' title='bbox 107 2935 209 2991; x_wconf 84' lang='lat' dir='ltr'><strong>l&#39;opinion</strong></span> <span class='ocrx_word' id='word_1_202' title='bbox 222 2937 261 2979; x_wconf 85' lang='lat' dir='ltr'><strong>des</strong></span> <span class='ocrx_word' id='word_1_203' title='bbox 272 2937 343 2993; x_wconf 74' lang='lat' dir='ltr'><strong>iopes.</strong></span> 
     </span>
    </p>

    <p class='ocr_par' dir='ltr' id='par_1_5' title="bbox 99 2998 534 3250">
     <span class='ocr_line' id='line_1_31' title="bbox 133 2998 534 3052; baseline -0.002 -10"><span class='ocrx_word' id='word_1_204' title='bbox 133 3003 158 3042; x_wconf 73' lang='grc' dir='ltr'><strong>ὅ.</strong></span> <span class='ocrx_word' id='word_1_205' title='bbox 174 2999 193 3041; x_wconf 84' lang='lat' dir='ltr'><strong>t.</strong></span> <span class='ocrx_word' id='word_1_206' title='bbox 212 2999 274 3044; x_wconf 83' lang='lat' dir='ltr'><strong>tttot</strong></span> <span class='ocrx_word' id='word_1_207' title='bbox 296 3003 376 3052; x_wconf 70' lang='lat' dir='ltr'><strong>ipsum,</strong></span> <span class='ocrx_word' id='word_1_208' title='bbox 396 2999 417 3043; x_wconf 87' lang='lat' dir='ltr'><strong>le</strong></span> <span class='ocrx_word' id='word_1_209' title='bbox 433 2998 472 3042; x_wconf 75' lang='lat' dir='ltr'><strong>tait</strong></span> <span class='ocrx_word' id='word_1_210' title='bbox 490 2998 534 3042; x_wconf 88' lang='lat' dir='ltr'><strong>lui-</strong></span> 
     </span>
     <span class='ocr_line' id='line_1_32' title="bbox 104 3061 533 3116; baseline -0.002 -12"><span class='ocrx_word' id='word_1_211' title='bbox 104 3061 173 3104; x_wconf 78' lang='lat' dir='ltr'><strong>mdma</strong></span> <span class='ocrx_word' id='word_1_212' title='bbox 190 3061 242 3116; x_wconf 88' lang='lat' dir='ltr'><strong>(uon</strong></span> <span class='ocrx_word' id='word_1_213' title='bbox 266 3074 303 3116; x_wconf 85' lang='lat' dir='ltr'><strong>pas</strong></span> <span class='ocrx_word' id='word_1_214' title='bbox 326 3062 347 3105; x_wconf 89' lang='lat' dir='ltr'><strong>le</strong></span> <span class='ocrx_word' id='word_1_215' title='bbox 374 3061 471 3114; x_wconf 78' lang='lat' dir='ltr'><strong>blentait,</strong></span> <span class='ocrx_word' id='word_1_216' title='bbox 496 3074 533 3103; x_wconf 81' lang='lat' dir='ltr'><strong>aar</strong></span> 
     </span>
     <span class='ocr_line' id='line_1_33' title="bbox 105 3122 532 3180; baseline 0 -14"><span class='ocrx_word' id='word_1_217' title='bbox 105 3122 195 3167; x_wconf 74' lang='lat' dir='ltr'><strong>Cicdron</strong></span> <span class='ocrx_word' id='word_1_218' title='bbox 205 3123 240 3166; x_wconf 86' lang='lat' dir='ltr'><strong>nia</strong></span> <span class='ocrx_word' id='word_1_219' title='bbox 250 3137 291 3180; x_wconf 86' lang='lat' dir='ltr'><strong>qua</strong></span> <span class='ocrx_word' id='word_1_220' title='bbox 303 3137 327 3167; x_wconf 86' lang='lat' dir='ltr'><strong>ce</strong></span> <span class='ocrx_word' id='word_1_221' title='bbox 335 3125 379 3168; x_wconf 86' lang='lat' dir='ltr'><strong>soit</strong></span> <span class='ocrx_word' id='word_1_222' title='bbox 388 3138 417 3168; x_wconf 90' lang='lat' dir='ltr'><strong>nn</strong></span> <span class='ocrx_word' id='word_1_223' title='bbox 426 3123 532 3180; x_wconf 76' lang='lat' dir='ltr'><strong>hiautait).</strong></span> 
     </span>
     <span class='ocr_line' id='line_1_34' title="bbox 99 3185 532 3250; baseline 0.009 -23"><span class='ocrx_word' id='word_1_224' title='bbox 99 3193 124 3250; x_wconf 67' lang='lat' dir='ltr'><strong>ja</strong></span> <span class='ocrx_word' id='word_1_225' title='bbox 138 3198 165 3228; x_wconf 88' lang='lat' dir='ltr'><strong>ue</strong></span> <span class='ocrx_word' id='word_1_226' title='bbox 176 3187 211 3229; x_wconf 82' lang='lat' dir='ltr'><strong>t&#39;ai</strong></span> <span class='ocrx_word' id='word_1_227' title='bbox 226 3185 306 3240; x_wconf 72' lang='lat' dir='ltr'><strong>jamnis</strong></span> <span class='ocrx_word' id='word_1_228' title='bbox 325 3185 367 3231; x_wconf 79' lang='lat' dir='ltr'><strong>nid.</strong></span> <span class='ocrx_word' id='word_1_229' title='bbox 416 3187 438 3231; x_wconf 72' lang='grc' dir='ltr'><strong>Ξ.</strong></span> <span class='ocrx_word' id='word_1_230' title='bbox 457 3187 532 3231; x_wconf 62' lang='lat' dir='ltr'><strong>linat</strong></span> 
     </span>
    </p>
   </div>
   <div class='ocr_carea' id='block_1_4' title="bbox 585 2433 1018 3241">
    <p class='ocr_par' dir='ltr' id='par_1_6' title="bbox 585 2433 1018 3241">
     <span class='ocr_line' id='line_1_35' title="bbox 588 2433 1018 2489; baseline 0 -11"><span class='ocrx_word' id='word_1_231' title='bbox 588 2435 705 2488; x_wconf 70' lang='lat' dir='ltr'><strong>prodenti.</strong></span> <span class='ocrx_word' id='word_1_232' title='bbox 727 2446 769 2476; x_wconf 83' lang='lat' dir='ltr'><strong>aux</strong></span> <span class='ocrx_word' id='word_1_233' title='bbox 786 2445 840 2489; x_wconf 78' lang='lat' dir='ltr'><strong>your</strong></span> <span class='ocrx_word' id='word_1_234' title='bbox 863 2433 913 2478; x_wconf 84' lang='lat' dir='ltr'><strong>d’nn</strong></span> <span class='ocrx_word' id='word_1_235' title='bbox 931 2434 1018 2478; x_wconf 87' lang='lat' dir='ltr'><strong>homme</strong></span> 
     </span>
     <span class='ocr_line' id='line_1_36' title="bbox 591 2495 1016 2552; baseline 0.009 -14"><span class='ocrx_word' id='word_1_236' title='bbox 591 2495 632 2539; x_wconf 86' lang='lat' dir='ltr'><strong>mai</strong></span> <span class='ocrx_word' id='word_1_237' title='bbox 659 2496 779 2552; x_wconf 67' lang='lat' dir='ltr'><strong>rensoissne.</strong></span> <span class='ocrx_word' id='word_1_238' title='bbox 802 2520 829 2528; x_wconf 94' lang='lat'>—</span> <span class='ocrx_word' id='word_1_239' title='bbox 847 2497 868 2540; x_wconf 85' lang='grc'><strong>3.</strong></span> <span class='ocrx_word' id='word_1_240' title='bbox 895 2497 1016 2548; x_wconf 72' lang='lat' dir='ltr'><strong>occtderta</strong></span> 
     </span>
     <span class='ocr_line' id='line_1_37' title="bbox 590 2557 1018 2616; baseline 0.002 -15"><span class='ocrx_word' id='word_1_241' title='bbox 590 2572 615 2601; x_wconf 83' lang='lat' dir='ltr'><strong>au</strong></span> <span class='ocrx_word' id='word_1_242' title='bbox 626 2559 748 2613; x_wconf 65' lang='lat' dir='ltr'><strong>sabionem,</strong></span> <span class='ocrx_word' id='word_1_243' title='bbox 760 2571 823 2616; x_wconf 87' lang='lat' dir='ltr'><strong>parco</strong></span> <span class='ocrx_word' id='word_1_244' title='bbox 832 2572 872 2614; x_wconf 87' lang='lat' dir='ltr'><strong>quo</strong></span> <span class='ocrx_word' id='word_1_245' title='bbox 882 2559 902 2603; x_wconf 85' lang='lat' dir='ltr'><strong>le</strong></span> <span class='ocrx_word' id='word_1_246' title='bbox 912 2557 975 2602; x_wconf 77' lang='lat' dir='ltr'><strong>motti</strong></span> <span class='ocrx_word' id='word_1_247' title='bbox 984 2565 1018 2602; x_wconf 88' lang='lat' dir='ltr'><strong>est</strong></span> 
     </span>
     <span class='ocr_line' id='line_1_38' title="bbox 590 2619 1016 2678; baseline -0.002 -14"><span class='ocrx_word' id='word_1_248' title='bbox 590 2620 758 2665; x_wconf 74' lang='lat' dir='ltr'><strong>dnouodoomme</strong></span> <span class='ocrx_word' id='word_1_249' title='bbox 774 2619 845 2664; x_wconf 74' lang='lat' dir='ltr'><strong>donnd</strong></span> <span class='ocrx_word' id='word_1_250' title='bbox 862 2635 899 2678; x_wconf 86' lang='lat' dir='ltr'><strong>par</strong></span> <span class='ocrx_word' id='word_1_251' title='bbox 913 2622 1016 2665; x_wconf 79' lang='lat' dir='ltr'><strong>Autome.</strong></span> 
     </span>
     <span class='ocr_line' id='line_1_39' title="bbox 588 2683 1017 2739; baseline 0.002 -12"><span class='ocrx_word' id='word_1_252' title='bbox 588 2685 639 2739; x_wconf 77' lang='lat' dir='ltr'><strong>ch.</strong></span> <span class='ocrx_word' id='word_1_253' title='bbox 652 2684 760 2739; x_wconf 63' lang='lat' dir='ltr'><strong>tutrod.,fl</strong></span> <span class='ocrx_word' id='word_1_254' title='bbox 770 2685 790 2726; x_wconf 88' lang='lat'><strong>5.</strong></span> <span class='ocrx_word' id='word_1_255' title='bbox 801 2683 855 2728; x_wconf 68' lang='grc' dir='ltr'><strong>-ὁ,</strong></span> <span class='ocrx_word' id='word_1_256' title='bbox 871 2685 921 2738; x_wconf 82' lang='lat' dir='ltr'><strong>ipse</strong></span> <span class='ocrx_word' id='word_1_257' title='bbox 935 2685 1017 2728; x_wconf 80' lang='lat' dir='ltr'><strong>victor.</strong></span> 
     </span>
     <span class='ocr_line' id='line_1_40' title="bbox 588 2745 1016 2801; baseline 0 -13"><span class='ocrx_word' id='word_1_258' title='bbox 588 2746 641 2801; x_wconf 78' lang='lat' dir='ltr'><strong>Voy.</strong></span> <span class='ocrx_word' id='word_1_259' title='bbox 655 2746 750 2795; x_wconf 85' lang='lat' dir='ltr'><strong>iutrod..</strong></span> <span class='ocrx_word' id='word_1_260' title='bbox 768 2745 811 2800; x_wconf 65' lang='grc' dir='ltr'><strong>ἕξ.</strong></span> <span class='ocrx_word' id='word_1_261' title='bbox 821 2770 848 2778; x_wconf 95' lang='grc'><strong>-</strong></span> <span class='ocrx_word' id='word_1_262' title='bbox 858 2747 879 2788; x_wconf 83' lang='grc'><strong>5.</strong></span> <span class='ocrx_word' id='word_1_263' title='bbox 897 2747 1016 2795; x_wconf 69' lang='lat' dir='ltr'><strong>Valuisset.</strong></span> 
     </span>
     <span class='ocr_line' id='line_1_41' title="bbox 589 2808 1017 2865; baseline -0.002 -15"><span class='ocrx_word' id='word_1_264' title='bbox 589 2821 630 2851; x_wconf 88' lang='lat' dir='ltr'><strong>non</strong></span> <span class='ocrx_word' id='word_1_265' title='bbox 650 2821 687 2865; x_wconf 84' lang='lat' dir='ltr'><strong>pas</strong></span> <span class='ocrx_word' id='word_1_266' title='bbox 713 2810 823 2858; x_wconf 64' lang='lat' dir='ltr'><strong>talanat,</strong></span> <span class='ocrx_word' id='word_1_267' title='bbox 849 2819 912 2862; x_wconf 82' lang='lat' dir='ltr'><strong>parce</strong></span> <span class='ocrx_word' id='word_1_268' title='bbox 935 2819 974 2862; x_wconf 87' lang='lat' dir='ltr'><strong>que</strong></span> <span class='ocrx_word' id='word_1_269' title='bbox 996 2808 1017 2850; x_wconf 84' lang='lat' dir='ltr'><strong>la</strong></span> 
     </span>
     <span class='ocr_line' id='line_1_42' title="bbox 587 2871 1017 2927; baseline -0.007 -12"><span class='ocrx_word' id='word_1_270' title='bbox 587 2871 719 2927; x_wconf 86' lang='lat' dir='ltr'><strong>proposition</strong></span> <span class='ocrx_word' id='word_1_271' title='bbox 744 2871 833 2914; x_wconf 85' lang='lat' dir='ltr'><strong>relative</strong></span> <span class='ocrx_word' id='word_1_272' title='bbox 861 2871 953 2913; x_wconf 83' lang='lat' dir='ltr'><strong>contient</strong></span> <span class='ocrx_word' id='word_1_273' title='bbox 976 2881 1017 2912; x_wconf 87' lang='lat' dir='ltr'><strong>une</strong></span> 
     </span>
     <span class='ocr_line' id='line_1_43' title="bbox 587 2931 1017 2976; baseline -0.005 0"><span class='ocrx_word' id='word_1_274' title='bbox 587 2933 749 2976; x_wconf 71' lang='lat' dir='ltr'><strong>determination</strong></span> <span class='ocrx_word' id='word_1_275' title='bbox 764 2931 957 2976; x_wconf 77' lang='lat' dir='ltr'><strong>necessariae—d.</strong></span> <span class='ocrx_word' id='word_1_276' title='bbox 975 2933 1017 2974; x_wconf 88' lang='lat' dir='ltr'><strong>Po-</strong></span> 
     </span>
     <span class='ocr_line' id='line_1_44' title="bbox 587 2995 1016 3050; baseline -0.012 -9"><span class='ocrx_word' id='word_1_277' title='bbox 587 2998 665 3048; x_wconf 76' lang='lat' dir='ltr'><strong>tuisse,</strong></span> <span class='ocrx_word' id='word_1_278' title='bbox 689 3009 730 3050; x_wconf 84' lang='lat' dir='ltr'><strong>que</strong></span> <span class='ocrx_word' id='word_1_279' title='bbox 749 3007 801 3038; x_wconf 81' lang='lat' dir='ltr'><strong>vous</strong></span> <span class='ocrx_word' id='word_1_280' title='bbox 821 2995 888 3048; x_wconf 74' lang='lat' dir='ltr'><strong>t&#39;apea</strong></span> <span class='ocrx_word' id='word_1_281' title='bbox 900 3007 935 3050; x_wconf 89' lang='lat' dir='ltr'><strong>pu,</strong></span> <span class='ocrx_word' id='word_1_282' title='bbox 950 2996 1016 3036; x_wconf 87' lang='lat' dir='ltr'><strong>c&#39;est·</strong></span> 
     </span>
     <span class='ocr_line' id='line_1_45' title="bbox 585 3057 1017 3114; baseline -0.009 -12"><span class='ocrx_word' id='word_1_283' title='bbox 585 3059 657 3104; x_wconf 75' lang='lat' dir='ltr'><strong>d-dira</strong></span> <span class='ocrx_word' id='word_1_284' title='bbox 675 3071 716 3114; x_wconf 83' lang='lat' dir='ltr'><strong>que</strong></span> <span class='ocrx_word' id='word_1_285' title='bbox 732 3070 784 3100; x_wconf 81' lang='lat' dir='ltr'><strong>vous</strong></span> <span class='ocrx_word' id='word_1_286' title='bbox 804 3071 854 3112; x_wconf 74' lang='lat' dir='ltr'><strong>ayaz</strong></span> <span class='ocrx_word' id='word_1_287' title='bbox 867 3067 902 3100; x_wconf 81' lang='lat' dir='ltr'><strong>‘eu</strong></span> <span class='ocrx_word' id='word_1_288' title='bbox 924 3057 944 3098; x_wconf 89' lang='lat' dir='ltr'><strong>la</strong></span> <span class='ocrx_word' id='word_1_289' title='bbox 959 3057 1017 3098; x_wconf 88' lang='lat' dir='ltr'><strong>droit</strong></span> 
     </span>
     <span class='ocr_line' id='line_1_46' title="bbox 585 3121 1015 3170; baseline -0.002 -6"><span class='ocrx_word' id='word_1_290' title='bbox 585 3123 612 3166; x_wconf 84' lang='lat' dir='ltr'><strong>de</strong></span> <span class='ocrx_word' id='word_1_291' title='bbox 622 3123 642 3165; x_wconf 87' lang='lat' dir='ltr'><strong>te</strong></span> <span class='ocrx_word' id='word_1_292' title='bbox 653 3121 717 3165; x_wconf 82' lang='lat' dir='ltr'><strong>taire.</strong></span> <span class='ocrx_word' id='word_1_293' title='bbox 730 3143 755 3151; x_wconf 96' lang='lat'>-</span> <span class='ocrx_word' id='word_1_294' title='bbox 768 3121 788 3162; x_wconf 85' lang='grc'><strong>7.</strong></span> <span class='ocrx_word' id='word_1_295' title='bbox 797 3123 870 3163; x_wconf 75' lang='lat' dir='ltr'><strong>Erant</strong></span> <span class='ocrx_word' id='word_1_296' title='bbox 880 3121 1015 3170; x_wconf 77' lang='lat' dir='ltr'><strong>conservati.</strong></span> 
     </span>
     <span class='ocr_line' id='line_1_47' title="bbox 585 3182 934 3241; baseline -0.009 -14"><span class='ocrx_word' id='word_1_297' title='bbox 585 3184 647 3241; x_wconf 73' lang='lat' dir='ltr'><strong>apres</strong></span> <span class='ocrx_word' id='word_1_298' title='bbox 657 3183 678 3228; x_wconf 81' lang='grc' dir='ltr'><strong>Ιι</strong></span> <span class='ocrx_word' id='word_1_299' title='bbox 687 3182 776 3227; x_wconf 79' lang='lat' dir='ltr'><strong>bataiile</strong></span> <span class='ocrx_word' id='word_1_300' title='bbox 787 3182 813 3226; x_wconf 81' lang='lat' dir='ltr'><strong>da</strong></span> <span class='ocrx_word' id='word_1_301' title='bbox 824 3182 934 3225; x_wconf 74' lang='lat' dir='ltr'><strong>Pharsalo.</strong></span> 
     </span>
    </p>
   </div>
   <div class='ocr_carea' id='block_1_5' title="bbox 0 0 1146 3496">
    <p class='ocr_par' dir='ltr' id='par_1_7' title="bbox 0 0 1146 3496">
     <span class='ocr_line' id='line_1_48' title="bbox 0 0 1146 3496; baseline 0 4"><span class='ocrx_word' id='word_1_302' title='bbox 0 0 1146 3496; x_wconf 95' lang='lat' dir='ltr'><strong> </strong></span> 
     </span>
    </p>
   </div>
  </div>
 </body>
</html>
