2284 3496
174 157 206 206 tt
379 158 549 208 PHILIPPICA
563 157 710 214 SECUNDA,
729 157 788 214 XVI,
806 155 847 208 40.

174 279 238 335 erat
269 291 420 350 magnum,
447 274 484 334 de
513 291 630 336 summa
661 291 693 333 re
725 273 844 353 publiea
869 271 1085 334 dissentientes

175 371 206 430 in
233 369 337 431 eadem
368 370 582 432 consuetudine
619 370 759 432 amicitiae
790 389 976 452 permanere.
1007 371 1083 450 Ego,

174 467 247 547 quid
261 467 323 544 ille,
341 475 370 528 et
386 474 488 530 contra
508 467 570 544 ille,
596 467 667 548 quid
688 486 744 546 ego
765 467 905 529 sentirem
920 475 949 528 et
964 477 1085 548 specta·

175 583 250 642 rem,
275 564 402 626 videbat.
430 567 491 643 Ego
519 564 716 627 Incolumitati
746 565 853 626 civium
883 565 1022 646 primum,
1050 576 1085 626 ut

174 669 275 742 postea
310 661 446 738 dignitati
482 681 649 742 possemus,
684 661 736 723 ille
770 662 908 742 praesenti
944 662 1083 741 dignitati

174 759 271 840 potius
296 759 478 822 consulebat.
495 759 580 832 Quod
604 767 703 820 autem
719 758 846 840 habebat
861 767 988 840 uterque
1008 759 1081 836 quid

167 865 361 937 sequeretur,
392 856 504 920 ideireo
530 854 715 920 tolerabilior
742 864 805 918 erat
832 865 933 918 nostra
961 857 1081 918 dissen-

175 954 231 1017 sio.
920 973 922 976 ·

212 1051 260 1114 39.
277 1051 354 1124 Quid
369 1069 438 1114 vero
455 1052 505 1112 ille
524 1050 682 1130 singularis
697 1051 742 1111 vir
762 1069 795 1112 ao
809 1070 891 1131 parre
907 1051 1025 1112 divinus
1040 1052 1078 1112 de
1129 1039 1130 1044 ¹

173 1167 221 1210 me
233 1148 371 1226 senserit,
384 1149 482 1212 stiunt
492 1149 544 1230 qui
559 1167 626 1210 eum
635 1149 671 1210 de
680 1147 833 1210 Pharsalia
844 1148 1077 1228 lugaPaphum¹

172 1245 321 1325 prosecuti
333 1252 414 1308 sunt.
430 1245 587 1326 Nunquam
604 1244 640 1306 ab
656 1263 692 1308 eo
713 1246 824 1308 mentio
838 1245 875 1316 de
891 1263 937 1304 me
952 1244 1009 1306 nisi
1022 1247 1078 1306 ho-

120 1363 122 1366 ·
168 1337 305 1417 horibea,
317 1340 471 1421 ulsiplona
480 1339 653 1404 amicissimi
668 1340 820 1418 desiderii,
831 1357 955 1402 summe
967 1338 1076 1402 vidisse

171 1438 237 1518 plus
261 1437 414 1516 fateretur,
438 1457 469 1500 se
490 1439 654 1519 speravisse
666 1437 801 1500 meliora.
819 1437 854 1498 Et
869 1437 932 1516 ejus
947 1436 1003 1497 riri
1019 1455 1075 1498 no·

171 1535 251 1597 mine
269 1555 316 1596 me
336 1536 475 1597 insectari
490 1535 593 1608 audes
609 1536 693 1614 eujus
708 1553 754 1596 me
773 1534 914 1604 amicum.
931 1541 960 1594 te
976 1541 1075 1595 secto-

171 1633 254 1692 rem*
271 1651 335 1694 esse
350 1630 484 1693 fateare?

209 1728 284 1791 XVI.
307 1729 364 1792 Sed
383 1729 534 1789 omittatur
548 1727 661 1789 bellum
676 1727 761 1800 illud,
778 1727 882 1807 inquo
898 1733 931 1789 tu
947 1728 1073 1791 nimium

169 1822 240 1884 felix
254 1823 347 1885 luisti.
361 1824 402 1886 Ne
418 1824 542 1902 dejoois
555 1823 677 1904 quidem
693 1821 879 1902 respondebo
894 1823 1005 1903 quibus
1025 1841 1072 1884 me

167 1919 199 1980 iu
215 1920 337 1981 castris³
357 1939 443 1980 usum
459 1938 524 1982 esse
547 1918 657 1981 dixisti.
671 1919 761 1979 Erant
776 1919 896 1998 quidem
912 1918 963 1980 illa
977 1927 1073 1981 eastra

167 2014 256 2095 plena
269 2034 358 2094 aurae,
372 2023 576 2077 verumtamen
589 2015 744 2091 homines,
754 2013 889 2095 quamvis
902 2015 934 2074 in
945 2014 1071 2076 turbidis

167 2110 257 2174 rebus
280 2113 351 2192 sint,
372 2121 483 2190 tamen,
502 2113 534 2174 si
554 2112 641 2174 modo
665 2111 800 2174 homines
818 2117 898 2188 suut,
922 2111 1070 2172 interdum

167 2209 275 2272 animis
287 2210 467 2272 relaxantur.
484 2210 569 2284 Quod
584 2216 683 2275 autem
698 2209 778 2270 idem
791 2208 957 2269 mestitiam
972 2224 1069 2270 meam

167 2308 370 2386 reprehendit,
384 2309 464 2370 idem
475 2310 587 2388 jocum,
605 2325 711 2386 magno
726 2312 899 2385 argumento
917 2313 962 2368 est
975 2324 1022 2366 me
1037 2306 1069 2367 in
1129 2363 1130 2392 ἶ

165 2410 291 2483 utroque
301 2405 393 2466 luisse
408 2406 604 2467 moderatum.

205 2500 255 2560 40.
279 2500 463 2563 Hereditates
485 2503 558 2564 mihi
581 2500 846 2580 negasti'veniret
871 2499 990 2562 Utmam
1011 2500 1068 2562 hoc

165 2604 250 2657 tuum
264 2614 370 2658 rerum
385 2598 498 2658 crimen
513 2607 591 2662 esset
606 2599 612 2658 l
629 2599 728 2679 plures
743 2597 831 2659 amioi
844 2597 903 2657 mei
920 2604 948 2657 et
963 2614 1068 2666 neees-

166 2693 238 2755 sarii
251 2693 392 2755 viverent.
407 2693 465 2756 Sed
478 2695 529 2775 qui
543 2696 620 2758 istuc
635 2695 689 2758 tibi
705 2696 785 2757 venit
800 2695 830 2754 in
846 2690 999 2754 mentem?
1012 2711 1064 2770 ego

190 2911 233 2950 80.
252 2907 275 2948 l.
294 2909 404 2960 Paphum,
422 2907 434 2949 *a
451 2908 542 2963 Paphos.
562 2919 588 2950 en
645 2932 671 2940 -
681 2907 702 2950 3.
715 2910 743 2952 ln
755 2909 844 2958 omnir,
855 2906 908 2948 dans
920 2907 939 2948 le
952 2917 1012 2958 camp
1025 2905 1065 2947 des

162 2969 254 3021 Ghypre,
264 2967 312 3010 d’ori
324 2969 339 3012 il
346 2983 369 3012 se
381 2969 453 3012 rendit
464 2981 491 3011 en
498 2958 587 3024 l'luypte.
645 2967 768 3025 pompeiano
777 2967 789 3010 i
799 2967 944 3021 Dyrrachium.

164 3028 221 3070 -Ξ,
235 3029 354 3080 sectorem,
378 3031 528 3085 adiudicatairo
550 3031 588 3074 des
670 3036 715 3074 40.
738 3031 758 3072 l.
784 3031 870 3074 Venire.
901 3029 933 3072 On
959 3026 1064 3080 repardait

163 3089 225 3132 biens
249 3090 368 3144 ooudsqut‘s
393 3093 420 3134 tle
444 3091 542 3146 Pompdo.
561 3115 587 3122 -
644 3103 764 3134 oommeun
782 3090 915 3134 dernouneur
938 3089 964 3132 de
983 3099 1009 3129 ne
1024 3101 1062 3143 prs
1129 3145 1130 3148 Ἰ
