<?xml version="1.0" encoding="UTF-8"?>
<!DOCTYPE html PUBLIC "-//W3C//DTD XHTML 1.0 Transitional//EN"
    "http://www.w3.org/TR/xhtml1/DTD/xhtml1-transitional.dtd">
<html xmlns="http://www.w3.org/1999/xhtml" xml:lang="en" lang="en">
 <head>
  <title>
</title>
<meta http-equiv="Content-Type" content="text/html;charset=utf-8" />
  <meta name='ocr-system' content='tesseract 3.04.00' />
  <meta name='ocr-capabilities' content='ocr_page ocr_carea ocr_par ocr_line ocrx_word'/>
</head>
<body>
  <div class='ocr_page' id='page_1' title='image "./mtulliiciceroni108cicegoog/mtulliiciceroni108cicegoog_0097.png"; bbox 0 0 2284 3496; ppageno 0'>
   <div class='ocr_carea' id='block_1_1' title="bbox 149 172 846 240">
    <p class='ocr_par' dir='ltr' id='par_1_1' title="bbox 149 172 846 240">
     <span class='ocr_line' id='line_1_1' title="bbox 149 172 846 240; baseline -0.01 -6"><span class='ocrx_word' id='word_1_1' title='bbox 149 183 180 234; x_wconf 83' lang='lat' dir='ltr'><strong>ss</strong></span> <span class='ocrx_word' id='word_1_2' title='bbox 374 175 539 232; x_wconf 83' lang='lat' dir='ltr'><strong>rarnurrm</strong></span> <span class='ocrx_word' id='word_1_3' title='bbox 557 172 706 238; x_wconf 82' lang='lat' dir='ltr'><strong>suornm,</strong></span> <span class='ocrx_word' id='word_1_4' title='bbox 725 179 774 240; x_wconf 83' lang='lat' dir='ltr'><strong>m,</strong></span> <span class='ocrx_word' id='word_1_5' title='bbox 791 175 846 228; x_wconf 80' lang='lat' dir='ltr'><strong>roa.</strong></span> 
     </span>
    </p>
   </div>
   <div class='ocr_carea' id='block_1_2' title="bbox 146 281 1119 1166">
    <p class='ocr_par' dir='ltr' id='par_1_2' title="bbox 147 281 1119 461">
     <span class='ocr_line' id='line_1_2' title="bbox 147 281 1119 384; baseline -0.006 -23"><span class='ocrx_word' id='word_1_6' title='bbox 147 300 194 361; x_wconf 85' lang='lat' dir='ltr'><strong>vel</strong></span> <span class='ocrx_word' id='word_1_7' title='bbox 207 299 306 382; x_wconf 91' lang='lat' dir='ltr'><strong>potins</strong></span> <span class='ocrx_word' id='word_1_8' title='bbox 324 313 406 380; x_wconf 82' lang='lat' dir='ltr'><strong>paene</strong></span> <span class='ocrx_word' id='word_1_9' title='bbox 417 313 477 384; x_wconf 88' lang='lat' dir='ltr'><strong>non</strong></span> <span class='ocrx_word' id='word_1_10' title='bbox 489 293 600 359; x_wconf 77' lang='lat' dir='ltr'><strong>abieris</strong></span> <span class='ocrx_word' id='word_1_11' title='bbox 611 295 635 374; x_wconf 83' lang='lat'><strong>⁷,</strong></span> <span class='ocrx_word' id='word_1_12' title='bbox 647 294 775 370; x_wconf 81' lang='lat' dir='ltr'><strong>seimus3</strong></span> <span class='ocrx_word' id='word_1_13' title='bbox 798 294 848 358; x_wconf 85' lang='lat' dir='ltr'><strong>eui</strong></span> <span class='ocrx_word' id='word_1_14' title='bbox 868 300 900 357; x_wconf 91' lang='lat' dir='ltr'><strong>tu</strong></span> <span class='ocrx_word' id='word_1_15' title='bbox 916 291 984 358; x_wconf 90' lang='lat' dir='ltr'><strong>urbi</strong></span> <span class='ocrx_word' id='word_1_16' title='bbox 1000 293 1062 356; x_wconf 90' lang='lat' dir='ltr'><strong>mi·</strong></span> <span class='ocrx_word' id='word_1_17' title='bbox 1118 281 1119 284; x_wconf 48' lang='lat'>&#39;</span> 
     </span>
     <span class='ocr_line' id='line_1_3' title="bbox 147 397 264 461; baseline -0.009 0"><span class='ocrx_word' id='word_1_18' title='bbox 147 397 264 461; x_wconf 76' lang='lat' dir='ltr'><strong>nitaris·</strong></span> 
     </span>
    </p>

    <p class='ocr_par' dir='ltr' id='par_1_3' title="bbox 146 489 1060 1166">
     <span class='ocr_line' id='line_1_4' title="bbox 189 489 1060 573; baseline -0.007 -17"><span class='ocrx_word' id='word_1_19' title='bbox 189 495 258 556; x_wconf 88' lang='grc'><strong>101.</strong></span> <span class='ocrx_word' id='word_1_20' title='bbox 269 493 387 558; x_wconf 90' lang='lat' dir='ltr'><strong>Utinam</strong></span> <span class='ocrx_word' id='word_1_21' title='bbox 396 510 515 570; x_wconf 82' lang='lat' dir='ltr'><strong>sonere,</strong></span> <span class='ocrx_word' id='word_1_22' title='bbox 526 499 562 558; x_wconf 57' lang='lat' dir='ltr'><strong>,ut</strong></span> <span class='ocrx_word' id='word_1_23' title='bbox 572 489 732 573; x_wconf 89' lang='lat' dir='ltr'><strong>aliquando</strong></span> <span class='ocrx_word' id='word_1_24' title='bbox 745 489 819 552; x_wconf 91' lang='lat' dir='ltr'><strong>illud</strong></span> <span class='ocrx_word' id='word_1_25' title='bbox 834 491 982 571; x_wconf 58' lang='lat' dir='ltr'><strong>‹paam›</strong></span> <span class='ocrx_word' id='word_1_26' title='bbox 996 489 1060 551; x_wconf 90' lang='lat' dir='ltr'><strong>tol-</strong></span> 
     </span>
     <span class='ocr_line' id='line_1_5' title="bbox 147 585 1058 675; baseline -0.005 -20"><span class='ocrx_word' id='word_1_27' title='bbox 147 593 239 656; x_wconf 81' lang='lat' dir='ltr'>latur!</span> <span class='ocrx_word' id='word_1_28' title='bbox 257 593 395 675; x_wconf 84' lang='lat' dir='ltr'><strong>mquam</strong></span> <span class='ocrx_word' id='word_1_29' title='bbox 410 590 518 652; x_wconf 89' lang='lat' dir='ltr'><strong>nobilis</strong></span> <span class='ocrx_word' id='word_1_30' title='bbox 539 598 583 654; x_wconf 92' lang='lat' dir='ltr'><strong>est</strong></span> <span class='ocrx_word' id='word_1_31' title='bbox 604 596 655 652; x_wconf 93' lang='lat' dir='ltr'><strong>tua</strong></span> <span class='ocrx_word' id='word_1_32' title='bbox 673 589 724 651; x_wconf 88' lang='lat' dir='ltr'><strong>illa</strong></span> <span class='ocrx_word' id='word_1_33' title='bbox 746 588 958 670; x_wconf 73' lang='lat' dir='ltr'><strong>peregrinatio!</strong></span> <span class='ocrx_word' id='word_1_34' title='bbox 974 585 1058 662; x_wconf 83' lang='lat' dir='ltr'><strong>Quid</strong></span> 
     </span>
     <span class='ocr_line' id='line_1_6' title="bbox 147 687 1057 774; baseline -0.005 -21"><span class='ocrx_word' id='word_1_35' title='bbox 147 689 340 773; x_wconf 84' lang='lat' dir='ltr'>prandiorum</span> <span class='ocrx_word' id='word_1_36' title='bbox 378 696 548 774; x_wconf 88' lang='lat' dir='ltr'><strong>apparatus,</strong></span> <span class='ocrx_word' id='word_1_37' title='bbox 572 688 644 770; x_wconf 91' lang='lat' dir='ltr'><strong>quid</strong></span> <span class='ocrx_word' id='word_1_38' title='bbox 681 687 825 750; x_wconf 82' lang='lat' dir='ltr'><strong>furiosam</strong></span> <span class='ocrx_word' id='word_1_39' title='bbox 859 687 1057 750; x_wconf 78' lang='lat' dir='ltr'><strong>vinolentiam</strong></span> 
     </span>
     <span class='ocr_line' id='line_1_7' title="bbox 146 785 1054 871; baseline -0.007 -19"><span class='ocrx_word' id='word_1_40' title='bbox 146 798 227 852; x_wconf 91' lang='lat' dir='ltr'><strong>tuam</strong></span> <span class='ocrx_word' id='word_1_41' title='bbox 244 787 413 871; x_wconf 83' lang='lat' dir='ltr'><strong>proleram‘l</strong></span> <span class='ocrx_word' id='word_1_42' title='bbox 427 787 491 851; x_wconf 86' lang='lat' dir='ltr'><strong>Tua</strong></span> <span class='ocrx_word' id='word_1_43' title='bbox 506 787 562 849; x_wconf 90' lang='lat' dir='ltr'><strong>ista</strong></span> <span class='ocrx_word' id='word_1_44' title='bbox 577 786 755 848; x_wconf 82' lang='lat' dir='ltr'><strong>detrimenta</strong></span> <span class='ocrx_word' id='word_1_45' title='bbox 769 791 848 862; x_wconf 91' lang='lat' dir='ltr'><strong>sunt,</strong></span> <span class='ocrx_word' id='word_1_46' title='bbox 863 785 912 846; x_wconf 91' lang='lat' dir='ltr'><strong>illa</strong></span> <span class='ocrx_word' id='word_1_47' title='bbox 928 792 1054 847; x_wconf 85' lang='lat' dir='ltr'><strong>nostra:</strong></span> 
     </span>
     <span class='ocr_line' id='line_1_8' title="bbox 146 881 1055 968; baseline -0.008 -17"><span class='ocrx_word' id='word_1_48' title='bbox 146 904 250 967; x_wconf 82' lang='lat' dir='ltr'><strong>agrum</strong></span> <span class='ocrx_word' id='word_1_49' title='bbox 272 885 466 968; x_wconf 84' lang='lat' dir='ltr'><strong>Campanum,</strong></span> <span class='ocrx_word' id='word_1_50' title='bbox 482 885 533 966; x_wconf 90' lang='lat' dir='ltr'><strong>qui</strong></span> <span class='ocrx_word' id='word_1_51' title='bbox 556 884 643 946; x_wconf 84' lang='lat' dir='ltr'><strong>oum¹</strong></span> <span class='ocrx_word' id='word_1_52' title='bbox 670 882 707 945; x_wconf 87' lang='lat' dir='ltr'><strong>de</strong></span> <span class='ocrx_word' id='word_1_53' title='bbox 722 881 917 962; x_wconf 81' lang='lat' dir='ltr'><strong>vectigalibus</strong></span> <span class='ocrx_word' id='word_1_54' title='bbox 936 883 1055 944; x_wconf 83' lang='lat' dir='ltr'><strong>oxime-</strong></span> 
     </span>
     <span class='ocr_line' id='line_1_9' title="bbox 147 979 1055 1062; baseline -0.006 -15"><span class='ocrx_word' id='word_1_55' title='bbox 147 984 256 1049; x_wconf 76' lang='lat' dir='ltr'><strong>batur³</strong></span> <span class='ocrx_word' id='word_1_56' title='bbox 271 991 304 1046; x_wconf 90' lang='lat' dir='ltr'><strong>nt</strong></span> <span class='ocrx_word' id='word_1_57' title='bbox 319 981 464 1045; x_wconf 71' lang='lat' dir='ltr'><strong>militibus</strong></span> <span class='ocrx_word' id='word_1_58' title='bbox 486 981 639 1059; x_wconf 73' lang='lat' dir='ltr'><strong>daretur‘,</strong></span> <span class='ocrx_word' id='word_1_59' title='bbox 658 982 720 1062; x_wconf 87' lang='lat' dir='ltr'><strong>jam</strong></span> <span class='ocrx_word' id='word_1_60' title='bbox 736 979 831 1060; x_wconf 82' lang='lat' dir='ltr'><strong>infligi</strong></span> <span class='ocrx_word' id='word_1_61' title='bbox 846 998 985 1060; x_wconf 83' lang='lat' dir='ltr'><strong>magnum</strong></span> <span class='ocrx_word' id='word_1_62' title='bbox 1007 981 1055 1042; x_wconf 91' lang='lat' dir='ltr'><strong>rei</strong></span> 
     </span>
     <span class='ocr_line' id='line_1_10' title="bbox 146 1074 1059 1166; baseline -0.004 -22"><span class='ocrx_word' id='word_1_63' title='bbox 146 1080 271 1166; x_wconf 84' lang='lat' dir='ltr'><strong>publicae</strong></span> <span class='ocrx_word' id='word_1_64' title='bbox 285 1081 392 1144; x_wconf 81' lang='lat' dir='ltr'><strong>uulnus</strong></span> <span class='ocrx_word' id='word_1_65' title='bbox 412 1074 601 1162; x_wconf 88' lang='lat' dir='ltr'><strong>putabamus,</strong></span> <span class='ocrx_word' id='word_1_66' title='bbox 616 1077 715 1140; x_wconf 85' lang='lat' dir='ltr'><strong>hune⁵</strong></span> <span class='ocrx_word' id='word_1_67' title='bbox 737 1085 769 1140; x_wconf 88' lang='lat' dir='ltr'><strong>tu</strong></span> <span class='ocrx_word' id='word_1_68' title='bbox 788 1078 1059 1158; x_wconf 78' lang='lat' dir='ltr'><strong>compransoribus</strong></span> 
     </span>
    </p>
   </div>
   <div class='ocr_carea' id='block_1_3' title="bbox 42 1164 1049 1252">
    <p class='ocr_par' dir='ltr' id='par_1_4' title="bbox 42 1164 1049 1252">
     <span class='ocr_line' id='line_1_11' title="bbox 42 1164 1049 1252; baseline -0.003 -11"><span class='ocrx_word' id='word_1_69' title='bbox 42 1164 45 1169; x_wconf 37' lang='lat'>¹</span> <span class='ocrx_word' id='word_1_70' title='bbox 144 1180 204 1242; x_wconf 91' lang='lat' dir='ltr'><strong>tuis</strong></span> <span class='ocrx_word' id='word_1_71' title='bbox 219 1185 248 1241; x_wconf 91' lang='lat' dir='ltr'><strong>et</strong></span> <span class='ocrx_word' id='word_1_72' title='bbox 261 1177 461 1240; x_wconf 85' lang='lat' dir='ltr'><strong>collusoribus</strong></span> <span class='ocrx_word' id='word_1_73' title='bbox 475 1175 630 1251; x_wconf 82' lang='lat' dir='ltr'><strong>dividebas</strong></span> <span class='ocrx_word' id='word_1_74' title='bbox 647 1196 654 1236; x_wconf 92' lang='lat'>:</span> <span class='ocrx_word' id='word_1_75' title='bbox 672 1177 779 1238; x_wconf 91' lang='lat' dir='ltr'><strong>mimos</strong></span> <span class='ocrx_word' id='word_1_76' title='bbox 796 1175 864 1237; x_wconf 85' lang='lat' dir='ltr'><strong>dieo</strong></span> <span class='ocrx_word' id='word_1_77' title='bbox 884 1184 914 1236; x_wconf 86' lang='lat' dir='ltr'><strong>et</strong></span> <span class='ocrx_word' id='word_1_78' title='bbox 927 1175 1049 1252; x_wconf 87' lang='lat' dir='ltr'><strong>mimas,</strong></span> 
     </span>
    </p>
   </div>
   <div class='ocr_carea' id='block_1_4' title="bbox 141 1272 1054 1747">
    <p class='ocr_par' dir='ltr' id='par_1_5' title="bbox 141 1272 1054 1747">
     <span class='ocr_line' id='line_1_12' title="bbox 143 1272 1052 1360; baseline -0.006 -20"><span class='ocrx_word' id='word_1_79' title='bbox 143 1286 241 1360; x_wconf 86' lang='lat' dir='ltr'><strong>patres</strong></span> <span class='ocrx_word' id='word_1_80' title='bbox 268 1277 440 1358; x_wconf 79' lang='lat' dir='ltr'><strong>conscripti,</strong></span> <span class='ocrx_word' id='word_1_81' title='bbox 463 1275 494 1336; x_wconf 87' lang='lat' dir='ltr'><strong>in</strong></span> <span class='ocrx_word' id='word_1_82' title='bbox 515 1291 586 1353; x_wconf 83' lang='lat' dir='ltr'><strong>agro</strong></span> <span class='ocrx_word' id='word_1_83' title='bbox 605 1272 753 1356; x_wconf 88' lang='lat' dir='ltr'><strong>Campano</strong></span> <span class='ocrx_word' id='word_1_84' title='bbox 774 1273 945 1335; x_wconf 78' lang='lat' dir='ltr'><strong>collocatos.</strong></span> <span class='ocrx_word' id='word_1_85' title='bbox 969 1273 1052 1348; x_wconf 86' lang='lat' dir='ltr'><strong>Quid</strong></span> 
     </span>
     <span class='ocr_line' id='line_1_13' title="bbox 141 1370 1049 1458; baseline -0.004 -20"><span class='ocrx_word' id='word_1_86' title='bbox 141 1377 203 1457; x_wconf 88' lang='lat' dir='ltr'><strong>jam</strong></span> <span class='ocrx_word' id='word_1_87' title='bbox 223 1393 332 1458; x_wconf 89' lang='lat' dir='ltr'><strong>querar</strong></span> <span class='ocrx_word' id='word_1_88' title='bbox 353 1373 391 1436; x_wconf 89' lang='lat' dir='ltr'><strong>de</strong></span> <span class='ocrx_word' id='word_1_89' title='bbox 412 1391 482 1452; x_wconf 81' lang='lat' dir='ltr'><strong>agro</strong></span> <span class='ocrx_word' id='word_1_90' title='bbox 506 1371 671 1436; x_wconf 78' lang='lat' dir='ltr'><strong>Leontino?</strong></span> <span class='ocrx_word' id='word_1_91' title='bbox 691 1371 831 1452; x_wconf 91' lang='lat' dir='ltr'><strong>quoniam</strong></span> <span class='ocrx_word' id='word_1_92' title='bbox 856 1370 978 1452; x_wconf 85' lang='lat' dir='ltr'><strong>quidem</strong></span> <span class='ocrx_word' id='word_1_93' title='bbox 1000 1371 1049 1434; x_wconf 65' lang='lat' dir='ltr'><strong>bae</strong></span> 
     </span>
     <span class='ocr_line' id='line_1_14' title="bbox 145 1457 1048 1557; baseline -0.004 -21"><span class='ocrx_word' id='word_1_94' title='bbox 145 1475 295 1557; x_wconf 87' lang='lat' dir='ltr'><strong>quondam</strong></span> <span class='ocrx_word' id='word_1_95' title='bbox 317 1457 479 1548; x_wconf 81' lang='lat' dir='ltr'><strong>arationes,</strong></span> <span class='ocrx_word' id='word_1_96' title='bbox 495 1469 646 1552; x_wconf 86' lang='lat' dir='ltr'><strong>Campana</strong></span> <span class='ocrx_word' id='word_1_97' title='bbox 664 1477 693 1542; x_wconf 85' lang='lat' dir='ltr'><strong>et</strong></span> <span class='ocrx_word' id='word_1_98' title='bbox 717 1469 873 1545; x_wconf 86' lang='lat' dir='ltr'><strong>Leontina,</strong></span> <span class='ocrx_word' id='word_1_99' title='bbox 896 1469 928 1530; x_wconf 92' lang='lat' dir='ltr'><strong>in</strong></span> <span class='ocrx_word' id='word_1_100' title='bbox 944 1471 1048 1551; x_wconf 89' lang='lat' dir='ltr'><strong>populi</strong></span> 
     </span>
     <span class='ocr_line' id='line_1_15' title="bbox 145 1566 1054 1655; baseline -0.006 -21"><span class='ocrx_word' id='word_1_101' title='bbox 145 1571 271 1634; x_wconf 80' lang='lat' dir='ltr'><strong>nomam</strong></span> <span class='ocrx_word' id='word_1_102' title='bbox 286 1569 488 1655; x_wconf 78' lang='lat' dir='ltr'><strong>patrimonio⁸</strong></span> <span class='ocrx_word' id='word_1_103' title='bbox 503 1566 680 1648; x_wconf 72' lang='lat' dir='ltr'><strong>grandiferae</strong></span> <span class='ocrx_word' id='word_1_104' title='bbox 697 1573 727 1628; x_wconf 88' lang='lat' dir='ltr'><strong>et</strong></span> <span class='ocrx_word' id='word_1_105' title='bbox 738 1567 897 1629; x_wconf 78' lang='lat' dir='ltr'><strong>fructuosa</strong></span> <span class='ocrx_word' id='word_1_106' title='bbox 909 1566 1054 1630; x_wconf 85' lang='lat' dir='ltr'><strong>sereban-</strong></span> 
     </span>
     <span class='ocr_line' id='line_1_16' title="bbox 142 1663 1050 1747; baseline -0.007 -14"><span class='ocrx_word' id='word_1_107' title='bbox 142 1677 201 1733; x_wconf 87' lang='lat' dir='ltr'><strong>tur.</strong></span> <span class='ocrx_word' id='word_1_108' title='bbox 216 1667 330 1733; x_wconf 85' lang='lat' dir='ltr'><strong>Medico</strong></span> <span class='ocrx_word' id='word_1_109' title='bbox 342 1669 400 1731; x_wconf 91' lang='lat' dir='ltr'><strong>tria</strong></span> <span class='ocrx_word' id='word_1_110' title='bbox 412 1667 506 1729; x_wconf 90' lang='lat' dir='ltr'><strong>millia</strong></span> <span class='ocrx_word' id='word_1_111' title='bbox 520 1667 682 1747; x_wconf 69' lang='lat' dir='ltr'><strong>iugerum:</strong></span> <span class='ocrx_word' id='word_1_112' title='bbox 703 1663 788 1746; x_wconf 89' lang='lat' dir='ltr'><strong>quid,</strong></span> <span class='ocrx_word' id='word_1_113' title='bbox 805 1664 830 1726; x_wconf 94' lang='lat' dir='ltr'><strong>si</strong></span> <span class='ocrx_word' id='word_1_114' title='bbox 849 1672 878 1726; x_wconf 86' lang='lat' dir='ltr'><strong>ta</strong></span> <span class='ocrx_word' id='word_1_115' title='bbox 892 1667 1050 1728; x_wconf 79' lang='lat' dir='ltr'><strong>sanasset?</strong></span> 
     </span>
    </p>
   </div>
   <div class='ocr_carea' id='block_1_5' title="bbox 141 1761 1048 1848">
    <p class='ocr_par' dir='ltr' id='par_1_6' title="bbox 141 1761 1048 1848">
     <span class='ocr_line' id='line_1_17' title="bbox 141 1761 1048 1848; baseline -0.004 -18"><span class='ocrx_word' id='word_1_116' title='bbox 141 1767 254 1832; x_wconf 89' lang='lat' dir='ltr'><strong>rhetori</strong></span> <span class='ocrx_word' id='word_1_117' title='bbox 269 1769 328 1832; x_wconf 88' lang='lat' dir='ltr'><strong>duo</strong></span> <span class='ocrx_word' id='word_1_118' title='bbox 341 1788 348 1829; x_wconf 92' lang='lat'><strong>:</strong></span> <span class='ocrx_word' id='word_1_119' title='bbox 362 1766 448 1848; x_wconf 90' lang='lat' dir='ltr'><strong>quid,</strong></span> <span class='ocrx_word' id='word_1_120' title='bbox 462 1765 487 1826; x_wconf 93' lang='lat' dir='ltr'><strong>si</strong></span> <span class='ocrx_word' id='word_1_121' title='bbox 495 1772 528 1826; x_wconf 84' lang='lat' dir='ltr'><strong>te</strong></span> <span class='ocrx_word' id='word_1_122' title='bbox 544 1763 690 1826; x_wconf 87' lang='lat' dir='ltr'><strong>disertum</strong></span> <span class='ocrx_word' id='word_1_123' title='bbox 705 1761 802 1826; x_wconf 80' lang='lat' dir='ltr'><strong>lacere</strong></span> <span class='ocrx_word' id='word_1_124' title='bbox 814 1763 978 1844; x_wconf 76' lang='lat' dir='ltr'><strong>potuisset?</strong></span> <span class='ocrx_word' id='word_1_125' title='bbox 987 1763 1048 1826; x_wconf 87' lang='lat' dir='ltr'><strong>Sed</strong></span> 
     </span>
    </p>
   </div>
   <div class='ocr_carea' id='block_1_6' title="bbox 141 1862 1048 2040">
    <p class='ocr_par' dir='ltr' id='par_1_7' title="bbox 141 1862 1048 2056">
     <span class='ocr_line' id='line_1_18' title="bbox 141 1862 655 1946; baseline -0.014 -18"><span class='ocrx_word' id='word_1_126' title='bbox 141 1866 178 1928; x_wconf 90' lang='lat' dir='ltr'><strong>ad</strong></span> <span class='ocrx_word' id='word_1_127' title='bbox 196 1867 253 1928; x_wconf 87' lang='lat' dir='ltr'><strong>iter</strong></span> <span class='ocrx_word' id='word_1_128' title='bbox 265 1865 440 1946; x_wconf 81' lang='lat' dir='ltr'><strong>italiamque</strong></span> <span class='ocrx_word' id='word_1_129' title='bbox 458 1862 627 1924; x_wconf 76' lang='lat' dir='ltr'><strong>redeamus.</strong></span> <span class='ocrx_word' id='word_1_130' title='bbox 652 1897 655 1900; x_wconf 96' lang='lat'>-</span> 
     </span>
     <span class='ocr_line' id='line_1_19' title="bbox 181 1957 1048 2040; baseline -0.007 -14"><span class='ocrx_word' id='word_1_131' title='bbox 181 1961 243 2026; x_wconf 86' lang='lat' dir='ltr'><strong>XL.</strong></span> <span class='ocrx_word' id='word_1_132' title='bbox 258 1961 327 2024; x_wconf 71' lang='lat'><strong>102.</strong></span> <span class='ocrx_word' id='word_1_133' title='bbox 345 1960 497 2026; x_wconf 81' lang='lat' dir='ltr'><strong>Dednristi</strong></span> <span class='ocrx_word' id='word_1_134' title='bbox 510 1959 658 2022; x_wconf 83' lang='lat' dir='ltr'><strong>coloniam</strong></span> <span class='ocrx_word' id='word_1_135' title='bbox 673 1957 836 2022; x_wconf 86' lang='lat' dir='ltr'><strong>Casilinum</strong></span> <span class='ocrx_word' id='word_1_136' title='bbox 846 1958 868 2036; x_wconf 88' lang='lat'><strong>¹,</strong></span> <span class='ocrx_word' id='word_1_137' title='bbox 879 1977 938 2040; x_wconf 90' lang='lat' dir='ltr'><strong>quo</strong></span> <span class='ocrx_word' id='word_1_138' title='bbox 949 1957 1048 2022; x_wconf 74' lang='lat' dir='ltr'><strong>Caesar</strong></span> 
     </span>
    </p>
   </div>
   <div class='ocr_carea' id='block_1_7' title="bbox 136 2147 564 2391">
    <p class='ocr_par' dir='ltr' id='par_1_8' title="bbox 136 2147 564 2391">
     <span class='ocr_line' id='line_1_20' title="bbox 138 2147 564 2197; baseline -0.007 -5"><span class='ocrx_word' id='word_1_139' title='bbox 138 2149 246 2197; x_wconf 73' lang='lat' dir='ltr'><strong>massilia.</strong></span> <span class='ocrx_word' id='word_1_140' title='bbox 254 2159 336 2192; x_wconf 79' lang='lat' dir='ltr'><strong>eamme</strong></span> <span class='ocrx_word' id='word_1_141' title='bbox 345 2149 360 2193; x_wconf 87' lang='lat' dir='ltr'><strong>n</strong></span> <span class='ocrx_word' id='word_1_142' title='bbox 368 2147 438 2191; x_wconf 78' lang='lat' dir='ltr'><strong>estdtt</strong></span> <span class='ocrx_word' id='word_1_143' title='bbox 446 2159 472 2190; x_wconf 87' lang='lat' dir='ltr'><strong>au</strong></span> <span class='ocrx_word' id='word_1_144' title='bbox 479 2147 514 2190; x_wconf 80' lang='lat' dir='ltr'><strong>cb.</strong></span> <span class='ocrx_word' id='word_1_145' title='bbox 526 2157 564 2189; x_wconf 82' lang='lat' dir='ltr'><strong>xu.</strong></span> 
     </span>
     <span class='ocr_line' id='line_1_21' title="bbox 137 2209 564 2256; baseline -0.012 -1"><span class='ocrx_word' id='word_1_146' title='bbox 137 2211 192 2255; x_wconf 91' lang='lat' dir='ltr'><strong>—&#39;l.</strong></span> <span class='ocrx_word' id='word_1_147' title='bbox 207 2213 274 2256; x_wconf 80' lang='lat' dir='ltr'><strong>Paene</strong></span> <span class='ocrx_word' id='word_1_148' title='bbox 288 2223 334 2256; x_wconf 81' lang='lat' dir='ltr'><strong>aon</strong></span> <span class='ocrx_word' id='word_1_149' title='bbox 344 2212 433 2255; x_wconf 77' lang='lat' dir='ltr'><strong>obtorta.</strong></span> <span class='ocrx_word' id='word_1_150' title='bbox 447 2209 464 2252; x_wconf 90' lang='lat' dir='ltr'><strong>ll</strong></span> <span class='ocrx_word' id='word_1_151' title='bbox 479 2209 564 2252; x_wconf 75' lang='lat' dir='ltr'><strong>luttres</strong></span> 
     </span>
     <span class='ocr_line' id='line_1_22' title="bbox 138 2271 564 2329; baseline -0.007 -13"><span class='ocrx_word' id='word_1_152' title='bbox 138 2275 180 2316; x_wconf 86' lang='lat' dir='ltr'><strong>mal</strong></span> <span class='ocrx_word' id='word_1_153' title='bbox 190 2274 292 2317; x_wconf 81' lang='lat' dir='ltr'><strong>accueilli</strong></span> <span class='ocrx_word' id='word_1_154' title='bbox 309 2273 321 2316; x_wconf 71' lang='grc'><strong>1</strong></span> <span class='ocrx_word' id='word_1_155' title='bbox 336 2275 426 2329; x_wconf 73' lang='lat' dir='ltr'><strong>depone,</strong></span> <span class='ocrx_word' id='word_1_156' title='bbox 439 2271 465 2315; x_wconf 81' lang='lat' dir='ltr'><strong>ob</strong></span> <span class='ocrx_word' id='word_1_157' title='bbox 482 2273 514 2314; x_wconf 82' lang='lat' dir='ltr'><strong>les</strong></span> <span class='ocrx_word' id='word_1_158' title='bbox 525 2285 564 2314; x_wconf 89' lang='lat' dir='ltr'><strong>an-</strong></span> 
     </span>
     <span class='ocr_line' id='line_1_23' title="bbox 136 2335 563 2391; baseline -0.002 -13"><span class='ocrx_word' id='word_1_159' title='bbox 136 2337 196 2380; x_wconf 77' lang='lat' dir='ltr'><strong>siens</strong></span> <span class='ocrx_word' id='word_1_160' title='bbox 210 2338 282 2380; x_wconf 72' lang='lat' dir='ltr'><strong>colons</strong></span> <span class='ocrx_word' id='word_1_161' title='bbox 298 2349 324 2380; x_wconf 84' lang='lat' dir='ltr'><strong>ne</strong></span> <span class='ocrx_word' id='word_1_162' title='bbox 339 2336 449 2380; x_wconf 82' lang='lat' dir='ltr'><strong>voulaiant</strong></span> <span class='ocrx_word' id='word_1_163' title='bbox 464 2343 501 2391; x_wconf 73' lang='lat' dir='ltr'><strong>pas</strong></span> <span class='ocrx_word' id='word_1_164' title='bbox 517 2335 563 2378; x_wconf 71' lang='lat' dir='ltr'><strong>etro</strong></span> 
     </span>
    </p>
   </div>
   <div class='ocr_carea' id='block_1_8' title="bbox 618 2143 1118 2398">
    <p class='ocr_par' dir='ltr' id='par_1_9' title="bbox 618 2143 1118 2398">
     <span class='ocr_line' id='line_1_24' title="bbox 619 2143 1118 2208; baseline 0.01 -12"><span class='ocrx_word' id='word_1_165' title='bbox 619 2152 857 2208; x_wconf 61' lang='lat' dir='ltr'><strong>autumnus-ent.)</strong></span> <span class='ocrx_word' id='word_1_166' title='bbox 869 2154 931 2206; x_wconf 63' lang='lat' dir='ltr'><strong>anu</strong></span> <span class='ocrx_word' id='word_1_167' title='bbox 939 2155 1046 2208; x_wconf 65' lang='lat' dir='ltr'><strong>armoe,</strong></span> <span class='ocrx_word' id='word_1_168' title='bbox 1117 2143 1118 2160; x_wconf 66' lang='lat'>¹</span> 
     </span>
     <span class='ocr_line' id='line_1_25' title="bbox 618 2215 1048 2261; baseline 0.007 -3"><span class='ocrx_word' id='word_1_169' title='bbox 618 2215 785 2258; x_wconf 76' lang='lat' dir='ltr'><strong>ratraneherdeo</strong></span> <span class='ocrx_word' id='word_1_170' title='bbox 791 2215 1048 2261; x_wconf 77' lang='lat' dir='ltr'><strong>terressoumisesdl&#39;im-</strong></span> 
     </span>
     <span class='ocr_line' id='line_1_26' title="bbox 619 2276 1047 2332; baseline 0.016 -13"><span class='ocrx_word' id='word_1_171' title='bbox 619 2277 662 2332; x_wconf 80' lang='lat' dir='ltr'><strong>pot.</strong></span> <span class='ocrx_word' id='word_1_172' title='bbox 668 2276 718 2320; x_wconf 75' lang='grc'><strong>-1,</strong></span> <span class='ocrx_word' id='word_1_173' title='bbox 728 2277 835 2320; x_wconf 79' lang='lat' dir='ltr'><strong>lliltttbua</strong></span> <span class='ocrx_word' id='word_1_174' title='bbox 844 2280 945 2329; x_wconf 79' lang='lat' dir='ltr'><strong>duretur,</strong></span> <span class='ocrx_word' id='word_1_175' title='bbox 951 2291 977 2321; x_wconf 84' lang='lat' dir='ltr'><strong>on</strong></span> <span class='ocrx_word' id='word_1_176' title='bbox 985 2287 1047 2326; x_wconf 78' lang='lat' dir='ltr'><strong>veno</strong></span> 
     </span>
     <span class='ocr_line' id='line_1_27' title="bbox 618 2338 1044 2398; baseline 0.019 -18"><span class='ocrx_word' id='word_1_177' title='bbox 618 2339 644 2380; x_wconf 86' lang='lat' dir='ltr'><strong>de</strong></span> <span class='ocrx_word' id='word_1_178' title='bbox 655 2338 675 2382; x_wconf 83' lang='lat' dir='ltr'><strong>la</strong></span> <span class='ocrx_word' id='word_1_179' title='bbox 688 2339 717 2382; x_wconf 90' lang='lat' dir='ltr'><strong>lol</strong></span> <span class='ocrx_word' id='word_1_180' title='bbox 731 2339 818 2392; x_wconf 65' lang='lat' dir='ltr'><strong>apr-aire</strong></span> <span class='ocrx_word' id='word_1_181' title='bbox 831 2339 857 2382; x_wconf 85' lang='lat' dir='ltr'><strong>do</strong></span> <span class='ocrx_word' id='word_1_182' title='bbox 873 2339 940 2384; x_wconf 74' lang='lat' dir='ltr'><strong>Cesar</strong></span> <span class='ocrx_word' id='word_1_183' title='bbox 952 2341 987 2394; x_wconf 85' lang='lat' dir='ltr'><strong>lan</strong></span> <span class='ocrx_word' id='word_1_184' title='bbox 1000 2343 1044 2398; x_wconf 76' lang='lat' dir='ltr'><strong>set.</strong></span> 
     </span>
    </p>
   </div>
   <div class='ocr_carea' id='block_1_9' title="bbox 87 2398 562 2951">
    <p class='ocr_par' dir='ltr' id='par_1_10' title="bbox 136 2398 562 2576">
     <span class='ocr_line' id='line_1_28' title="bbox 136 2398 562 2455; baseline -0.005 -15"><span class='ocrx_word' id='word_1_185' title='bbox 136 2398 192 2441; x_wconf 81' lang='lat' dir='ltr'><strong>ldse&#39;s</strong></span> <span class='ocrx_word' id='word_1_186' title='bbox 214 2401 286 2455; x_wconf 80' lang='lat' dir='ltr'><strong>paula</strong></span> <span class='ocrx_word' id='word_1_187' title='bbox 306 2399 403 2443; x_wconf 79' lang='lat' dir='ltr'><strong>nouvelle</strong></span> <span class='ocrx_word' id='word_1_188' title='bbox 425 2398 562 2442; x_wconf 88' lang='lat' dir='ltr'><strong>distribution</strong></span> 
     </span>
     <span class='ocr_line' id='line_1_29' title="bbox 136 2460 562 2516; baseline 0.005 -15"><span class='ocrx_word' id='word_1_189' title='bbox 136 2460 174 2503; x_wconf 87' lang='lat' dir='ltr'><strong>dos</strong></span> <span class='ocrx_word' id='word_1_190' title='bbox 187 2465 262 2506; x_wconf 86' lang='lat' dir='ltr'><strong>terres.</strong></span> <span class='ocrx_word' id='word_1_191' title='bbox 277 2463 294 2505; x_wconf 92' lang='lat' dir='ltr'><strong>ll</strong></span> <span class='ocrx_word' id='word_1_192' title='bbox 314 2463 377 2504; x_wconf 84' lang='lat' dir='ltr'><strong>laillit</strong></span> <span class='ocrx_word' id='word_1_193' title='bbox 396 2474 424 2504; x_wconf 85' lang='lat' dir='ltr'><strong>no</strong></span> <span class='ocrx_word' id='word_1_194' title='bbox 442 2473 479 2516; x_wconf 84' lang='lat' dir='ltr'><strong>pas</strong></span> <span class='ocrx_word' id='word_1_195' title='bbox 497 2461 562 2503; x_wconf 83' lang='lat' dir='ltr'><strong>sortir</strong></span> 
     </span>
     <span class='ocr_line' id='line_1_30' title="bbox 138 2521 560 2576; baseline 0.005 -12"><span class='ocrx_word' id='word_1_196' title='bbox 138 2522 190 2566; x_wconf 83' lang='lat' dir='ltr'><strong>dola</strong></span> <span class='ocrx_word' id='word_1_197' title='bbox 197 2524 255 2576; x_wconf 81' lang='lat' dir='ltr'><strong>villo,</strong></span> <span class='ocrx_word' id='word_1_198' title='bbox 267 2523 347 2567; x_wconf 68' lang='lat' dir='ltr'><strong>eds-d.</strong></span> <span class='ocrx_word' id='word_1_199' title='bbox 356 2537 361 2565; x_wconf 89' lang='lat'>:</span> <span class='ocrx_word' id='word_1_200' title='bbox 370 2525 386 2567; x_wconf 89' lang='lat' dir='ltr'><strong>il</strong></span> <span class='ocrx_word' id='word_1_201' title='bbox 394 2524 458 2567; x_wconf 87' lang='lat' dir='ltr'><strong>laillit</strong></span> <span class='ocrx_word' id='word_1_202' title='bbox 466 2523 512 2565; x_wconf 75' lang='lat' dir='ltr'><strong>etro</strong></span> <span class='ocrx_word' id='word_1_203' title='bbox 519 2521 560 2567; x_wconf 76' lang='lat' dir='ltr'><strong>tud.</strong></span> 
     </span>
    </p>

    <p class='ocr_par' dir='ltr' id='par_1_11' title="bbox 87 2584 560 2951">
     <span class='ocr_line' id='line_1_31' title="bbox 162 2584 560 2638; baseline -0.008 -9"><span class='ocrx_word' id='word_1_204' title='bbox 162 2584 560 2638; x_wconf 54' lang='lat' dir='ltr'><strong>m,l.Preoe.Clodrondeslrequ’il</strong></span> 
     </span>
     <span class='ocr_line' id='line_1_32' title="bbox 134 2646 560 2692; baseline 0 -3"><span class='ocrx_word' id='word_1_205' title='bbox 134 2646 223 2692; x_wconf 75' lang='lat' dir='ltr'><strong>executa</strong></span> <span class='ocrx_word' id='word_1_206' title='bbox 241 2662 277 2692; x_wconf 81' lang='lat' dir='ltr'><strong>aas</strong></span> <span class='ocrx_word' id='word_1_207' title='bbox 297 2661 396 2692; x_wconf 82' lang='lat' dir='ltr'><strong>monacos</strong></span> <span class='ocrx_word' id='word_1_208' title='bbox 411 2652 486 2690; x_wconf 82' lang='lat' dir='ltr'><strong>contro</strong></span> <span class='ocrx_word' id='word_1_209' title='bbox 505 2652 560 2690; x_wconf 81' lang='lat' dir='ltr'><strong>sotto</strong></span> 
     </span>
     <span class='ocr_line' id='line_1_33' title="bbox 133 2709 560 2766; baseline 0.005 -16"><span class='ocrx_word' id='word_1_210' title='bbox 133 2710 191 2761; x_wconf 82' lang='lat' dir='ltr'><strong>ville,</strong></span> <span class='ocrx_word' id='word_1_211' title='bbox 211 2711 252 2753; x_wconf 85' lang='lat' dir='ltr'><strong>alln</strong></span> <span class='ocrx_word' id='word_1_212' title='bbox 272 2711 323 2766; x_wconf 81' lang='lat' dir='ltr'><strong>qu&#39;il</strong></span> <span class='ocrx_word' id='word_1_213' title='bbox 347 2711 398 2753; x_wconf 87' lang='lat' dir='ltr'><strong>n&#39;alt</strong></span> <span class='ocrx_word' id='word_1_214' title='bbox 419 2709 465 2765; x_wconf 87' lang='lat' dir='ltr'><strong>plus</strong></span> <span class='ocrx_word' id='word_1_215' title='bbox 486 2709 560 2753; x_wconf 84' lang='lat' dir='ltr'><strong>besoln</strong></span> 
     </span>
     <span class='ocr_line' id='line_1_34' title="bbox 132 2771 559 2828; baseline 0 -14"><span class='ocrx_word' id='word_1_216' title='bbox 132 2771 261 2828; x_wconf 80' lang='lat' dir='ltr'><strong>d&#39;employer</strong></span> <span class='ocrx_word' id='word_1_217' title='bbox 280 2774 301 2815; x_wconf 82' lang='lat' dir='ltr'><strong>le</strong></span> <span class='ocrx_word' id='word_1_218' title='bbox 321 2778 366 2816; x_wconf 89' lang='lat' dir='ltr'><strong>mot</strong></span> <span class='ocrx_word' id='word_1_219' title='bbox 376 2784 450 2826; x_wconf 73' lang='lat' dir='ltr'><strong>pene,</strong></span> <span class='ocrx_word' id='word_1_220' title='bbox 470 2771 559 2815; x_wconf 68' lang='lat' dir='ltr'><strong>rost-l-</strong></span> 
     </span>
     <span class='ocr_line' id='line_1_35' title="bbox 87 2834 559 2891; baseline 0.008 -16"><span class='ocrx_word' id='word_1_221' title='bbox 87 2845 89 2849; x_wconf 92' lang='lat'>·</span> <span class='ocrx_word' id='word_1_222' title='bbox 131 2834 177 2877; x_wconf 84' lang='lat' dir='ltr'><strong>dira</strong></span> <span class='ocrx_word' id='word_1_223' title='bbox 189 2835 230 2878; x_wconf 82' lang='lat' dir='ltr'><strong>alin</strong></span> <span class='ocrx_word' id='word_1_224' title='bbox 242 2848 290 2891; x_wconf 83' lang='lat' dir='ltr'><strong>quo,</strong></span> <span class='ocrx_word' id='word_1_225' title='bbox 300 2836 354 2878; x_wconf 82' lang='lat' dir='ltr'><strong>dans</strong></span> <span class='ocrx_word' id='word_1_226' title='bbox 370 2847 398 2878; x_wconf 92' lang='lat' dir='ltr'><strong>un</strong></span> <span class='ocrx_word' id='word_1_227' title='bbox 413 2835 559 2879; x_wconf 77' lang='lat' dir='ltr'><strong>soulbvoment</strong></span> 
     </span>
     <span class='ocr_line' id='line_1_36' title="bbox 132 2894 559 2951; baseline 0.014 -15"><span class='ocrx_word' id='word_1_228' title='bbox 132 2894 227 2949; x_wconf 75' lang='lat' dir='ltr'><strong>pdndral</strong></span> <span class='ocrx_word' id='word_1_229' title='bbox 239 2897 332 2941; x_wconf 78' lang='lat' dir='ltr'><strong>Antoine</strong></span> <span class='ocrx_word' id='word_1_230' title='bbox 345 2897 387 2941; x_wconf 83' lang='lat' dir='ltr'><strong>soit</strong></span> <span class='ocrx_word' id='word_1_231' title='bbox 396 2899 438 2942; x_wconf 73' lang='lat' dir='ltr'><strong>tud.</strong></span> <span class='ocrx_word' id='word_1_232' title='bbox 451 2923 477 2931; x_wconf 91' lang='lat'><em>-</em></span> <span class='ocrx_word' id='word_1_233' title='bbox 486 2898 506 2942; x_wconf 63' lang='grc' dir='ltr'><strong>ἰ.</strong></span> <span class='ocrx_word' id='word_1_234' title='bbox 516 2899 559 2951; x_wconf 82' lang='lat' dir='ltr'><strong>Qui</strong></span> 
     </span>
    </p>
   </div>
   <div class='ocr_carea' id='block_1_10' title="bbox 58 2959 559 3079">
    <p class='ocr_par' dir='ltr' id='par_1_12' title="bbox 58 2959 559 3079">
     <span class='ocr_line' id='line_1_37' title="bbox 58 2959 557 3016; baseline 0.006 -17"><span class='ocrx_word' id='word_1_235' title='bbox 58 2964 61 2968; x_wconf 78' lang='grc'>’</span> <span class='ocrx_word' id='word_1_236' title='bbox 132 2967 189 3000; x_wconf 78' lang='lat' dir='ltr'><strong>eum.</strong></span> <span class='ocrx_word' id='word_1_237' title='bbox 204 2959 288 3002; x_wconf 79' lang='lat' dir='ltr'><strong>Enooro</strong></span> <span class='ocrx_word' id='word_1_238' title='bbox 311 2973 339 3003; x_wconf 87' lang='lat' dir='ltr'><strong>un</strong></span> <span class='ocrx_word' id='word_1_239' title='bbox 358 2961 432 3004; x_wconf 76' lang='lat' dir='ltr'><strong>relutil</strong></span> <span class='ocrx_word' id='word_1_240' title='bbox 450 2962 485 3016; x_wconf 81' lang='lat' dir='ltr'><strong>qui</strong></span> <span class='ocrx_word' id='word_1_241' title='bbox 506 2961 557 3004; x_wconf 84' lang='lat' dir='ltr'><strong>rand</strong></span> 
     </span>
     <span class='ocr_line' id='line_1_38' title="bbox 65 3018 559 3079; baseline 0.016 -20"><span class='ocrx_word' id='word_1_242' title='bbox 65 3067 78 3076; x_wconf 44' lang='grc'><em>,</em></span> <span class='ocrx_word' id='word_1_243' title='bbox 131 3018 278 3064; x_wconf 79' lang='lat' dir='ltr'><strong>subordonnde</strong></span> <span class='ocrx_word' id='word_1_244' title='bbox 296 3034 339 3064; x_wconf 84' lang='lat' dir='ltr'><strong>une</strong></span> <span class='ocrx_word' id='word_1_245' title='bbox 358 3025 490 3079; x_wconf 84' lang='lat' dir='ltr'><strong>proposition</strong></span> <span class='ocrx_word' id='word_1_246' title='bbox 506 3027 559 3077; x_wconf 80' lang='lat' dir='ltr'><strong>(po-</strong></span> 
     </span>
    </p>
   </div>
   <div class='ocr_carea' id='block_1_11' title="bbox 131 3082 556 3201">
    <p class='ocr_par' dir='ltr' id='par_1_13' title="bbox 131 3082 556 3201">
     <span class='ocr_line' id='line_1_39' title="bbox 131 3082 556 3142; baseline 0.009 -18"><span class='ocrx_word' id='word_1_247' title='bbox 131 3082 241 3136; x_wconf 76' lang='lat' dir='ltr'><strong>talamus)</strong></span> <span class='ocrx_word' id='word_1_248' title='bbox 254 3082 305 3125; x_wconf 85' lang='lat' dir='ltr'><strong>dont</strong></span> <span class='ocrx_word' id='word_1_249' title='bbox 316 3085 332 3125; x_wconf 90' lang='lat' dir='ltr'><strong>ll</strong></span> <span class='ocrx_word' id='word_1_250' title='bbox 349 3097 375 3127; x_wconf 80' lang='lat' dir='ltr'><strong>na</strong></span> <span class='ocrx_word' id='word_1_251' title='bbox 386 3086 423 3128; x_wconf 78' lang='lat' dir='ltr'><strong>lait</strong></span> <span class='ocrx_word' id='word_1_252' title='bbox 435 3099 472 3142; x_wconf 80' lang='lat' dir='ltr'><strong>pas</strong></span> <span class='ocrx_word' id='word_1_253' title='bbox 480 3099 556 3141; x_wconf 69' lang='lat' dir='ltr'><strong>gram-</strong></span> 
     </span>
     <span class='ocr_line' id='line_1_40' title="bbox 154 3143 556 3201; baseline 0.017 -17"><span class='ocrx_word' id='word_1_254' title='bbox 154 3143 367 3201; x_wconf 56' lang='lat' dir='ltr'><strong>’tioalementpartio</strong></span> <span class='ocrx_word' id='word_1_255' title='bbox 380 3171 406 3179; x_wconf 94' lang='lat'><em>-</em></span> <span class='ocrx_word' id='word_1_256' title='bbox 417 3145 438 3190; x_wconf 78' lang='lat'><strong>8.</strong></span> <span class='ocrx_word' id='word_1_257' title='bbox 453 3150 556 3191; x_wconf 75' lang='lat' dir='ltr'><strong>Bersell-</strong></span> 
     </span>
    </p>
   </div>
   <div class='ocr_carea' id='block_1_12' title="bbox 617 2402 1046 2519">
    <p class='ocr_par' dir='ltr' id='par_1_14' title="bbox 617 2402 1046 2519">
     <span class='ocr_line' id='line_1_41' title="bbox 617 2402 1046 2457; baseline 0.012 -14"><span class='ocrx_word' id='word_1_258' title='bbox 617 2424 645 2432; x_wconf 94' lang='lat'>—</span> <span class='ocrx_word' id='word_1_259' title='bbox 657 2402 677 2443; x_wconf 86' lang='lat'><strong>5.</strong></span> <span class='ocrx_word' id='word_1_260' title='bbox 692 2404 764 2452; x_wconf 81' lang='lat' dir='ltr'><strong>Hune,</strong></span> <span class='ocrx_word' id='word_1_261' title='bbox 776 2403 939 2457; x_wconf 80' lang='lat' dir='ltr'><strong>pourruppelor</strong></span> <span class='ocrx_word' id='word_1_262' title='bbox 953 2403 974 2446; x_wconf 85' lang='lat' dir='ltr'><strong>le</strong></span> <span class='ocrx_word' id='word_1_263' title='bbox 984 2417 1046 2448; x_wconf 85' lang='lat' dir='ltr'><strong>oom-</strong></span> 
     </span>
     <span class='ocr_line' id='line_1_42' title="bbox 617 2463 1044 2519; baseline 0.012 -14"><span class='ocrx_word' id='word_1_264' title='bbox 617 2463 711 2518; x_wconf 85' lang='lat' dir='ltr'><strong>pldmont</strong></span> <span class='ocrx_word' id='word_1_265' title='bbox 724 2475 812 2517; x_wconf 81' lang='lat' dir='ltr'><strong>aprum,</strong></span> <span class='ocrx_word' id='word_1_266' title='bbox 823 2465 857 2519; x_wconf 83' lang='lat' dir='ltr'><strong>qui</strong></span> <span class='ocrx_word' id='word_1_267' title='bbox 871 2469 905 2508; x_wconf 82' lang='lat' dir='ltr'><strong>ost</strong></span> <span class='ocrx_word' id='word_1_268' title='bbox 920 2477 947 2508; x_wconf 86' lang='lat' dir='ltr'><strong>on</strong></span> <span class='ocrx_word' id='word_1_269' title='bbox 962 2465 1006 2510; x_wconf 74' lang='lat' dir='ltr'><strong>teto</strong></span> <span class='ocrx_word' id='word_1_270' title='bbox 1015 2468 1044 2510; x_wconf 82' lang='lat' dir='ltr'><strong>ds</strong></span> 
     </span>
    </p>
   </div>
   <div class='ocr_carea' id='block_1_13' title="bbox 616 2525 1118 2644">
    <p class='ocr_par' dir='ltr' id='par_1_15' title="bbox 616 2525 1118 2644">
     <span class='ocr_line' id='line_1_43' title="bbox 616 2525 1118 2580; baseline 0.016 -13"><span class='ocrx_word' id='word_1_271' title='bbox 616 2525 787 2580; x_wconf 61' lang='lat' dir='ltr'><strong>Imbraso-6.</strong></span> <span class='ocrx_word' id='word_1_272' title='bbox 805 2529 1044 2574; x_wconf 72' lang='lat' dir='ltr'><strong>ratramnumroutre</strong></span> <span class='ocrx_word' id='word_1_273' title='bbox 1117 2541 1118 2548; x_wconf 59' lang='lat'>¹</span> 
     </span>
     <span class='ocr_line' id='line_1_44' title="bbox 616 2588 1118 2644; baseline 0.012 -14"><span class='ocrx_word' id='word_1_274' title='bbox 616 2588 724 2632; x_wconf 83' lang='lat' dir='ltr'><strong>territoire</strong></span> <span class='ocrx_word' id='word_1_275' title='bbox 736 2588 762 2632; x_wconf 84' lang='lat' dir='ltr'><strong>do</strong></span> <span class='ocrx_word' id='word_1_276' title='bbox 774 2590 795 2631; x_wconf 89' lang='lat' dir='ltr'><strong>la</strong></span> <span class='ocrx_word' id='word_1_277' title='bbox 806 2589 857 2632; x_wconf 86' lang='lat' dir='ltr'><strong>villo</strong></span> <span class='ocrx_word' id='word_1_278' title='bbox 875 2589 914 2632; x_wconf 83' lang='lat' dir='ltr'><strong>des</strong></span> <span class='ocrx_word' id='word_1_279' title='bbox 933 2590 1041 2644; x_wconf 74' lang='lat' dir='ltr'><strong>Leontino,</strong></span> <span class='ocrx_word' id='word_1_280' title='bbox 1117 2593 1118 2610; x_wconf 65' lang='lat'>¹</span> 
     </span>
    </p>
   </div>
   <div class='ocr_carea' id='block_1_14' title="bbox 612 2649 1043 3210">
    <p class='ocr_par' dir='ltr' id='par_1_16' title="bbox 613 2649 1043 3067">
     <span class='ocr_line' id='line_1_45' title="bbox 616 2649 1043 2706; baseline 0.014 -14"><span class='ocrx_word' id='word_1_281' title='bbox 616 2649 684 2694; x_wconf 84' lang='lat' dir='ltr'><strong>situde</strong></span> <span class='ocrx_word' id='word_1_282' title='bbox 696 2663 723 2694; x_wconf 86' lang='lat' dir='ltr'><strong>au</strong></span> <span class='ocrx_word' id='word_1_283' title='bbox 733 2651 799 2695; x_wconf 90' lang='lat' dir='ltr'>N.·0.</span> <span class='ocrx_word' id='word_1_284' title='bbox 807 2652 833 2695; x_wconf 86' lang='lat' dir='ltr'><strong>de</strong></span> <span class='ocrx_word' id='word_1_285' title='bbox 840 2652 951 2706; x_wconf 81' lang='lat' dir='ltr'><strong>Syracuse,</strong></span> <span class='ocrx_word' id='word_1_286' title='bbox 960 2652 1011 2696; x_wconf 75' lang='lat' dir='ltr'><strong>dreit</strong></span> <span class='ocrx_word' id='word_1_287' title='bbox 1020 2655 1043 2698; x_wconf 82' lang='lat' dir='ltr'><strong>la</strong></span> 
     </span>
     <span class='ocr_line' id='line_1_46' title="bbox 615 2713 1040 2770; baseline 0.009 -16"><span class='ocrx_word' id='word_1_288' title='bbox 615 2713 723 2768; x_wconf 73' lang='lat' dir='ltr'><strong>propriore</strong></span> <span class='ocrx_word' id='word_1_289' title='bbox 735 2713 761 2755; x_wconf 83' lang='lat' dir='ltr'><strong>de</strong></span> <span class='ocrx_word' id='word_1_290' title='bbox 771 2713 791 2756; x_wconf 85' lang='lat' dir='ltr'><strong>la</strong></span> <span class='ocrx_word' id='word_1_291' title='bbox 798 2713 924 2770; x_wconf 82' lang='lat' dir='ltr'><strong>re&#39;pnblique</strong></span> <span class='ocrx_word' id='word_1_292' title='bbox 932 2717 1040 2768; x_wconf 78' lang='lat' dir='ltr'><strong>romalu03</strong></span> 
     </span>
     <span class='ocr_line' id='line_1_47' title="bbox 615 2775 1042 2833; baseline 0.009 -16"><span class='ocrx_word' id='word_1_293' title='bbox 615 2775 699 2818; x_wconf 82' lang='lat' dir='ltr'><strong>celle-ci</strong></span> <span class='ocrx_word' id='word_1_294' title='bbox 720 2776 740 2818; x_wconf 84' lang='lat' dir='ltr'><strong>le</strong></span> <span class='ocrx_word' id='word_1_295' title='bbox 753 2777 826 2818; x_wconf 84' lang='lat' dir='ltr'><strong>laisait</strong></span> <span class='ocrx_word' id='word_1_296' title='bbox 838 2778 943 2831; x_wconf 76' lang='lat' dir='ltr'><strong>exploiter</strong></span> <span class='ocrx_word' id='word_1_297' title='bbox 953 2789 991 2833; x_wconf 84' lang='lat' dir='ltr'><strong>par</strong></span> <span class='ocrx_word' id='word_1_298' title='bbox 1002 2779 1042 2822; x_wconf 79' lang='lat' dir='ltr'><strong>dos</strong></span> 
     </span>
     <span class='ocr_line' id='line_1_48' title="bbox 615 2837 1040 2896; baseline 0.007 -16"><span class='ocrx_word' id='word_1_299' title='bbox 615 2837 714 2881; x_wconf 83' lang='lat' dir='ltr'><strong>lermiars</strong></span> <span class='ocrx_word' id='word_1_300' title='bbox 720 2839 754 2892; x_wconf 81' lang='lat' dir='ltr'><strong>qui</strong></span> <span class='ocrx_word' id='word_1_301' title='bbox 763 2838 863 2881; x_wconf 76' lang='lat' dir='ltr'><strong>n&#39;dtaiant</strong></span> <span class='ocrx_word' id='word_1_302' title='bbox 872 2841 964 2896; x_wconf 86' lang='lat' dir='ltr'><strong>prisque</strong></span> <span class='ocrx_word' id='word_1_303' title='bbox 972 2843 1040 2895; x_wconf 85' lang='lat' dir='ltr'><strong>parmi</strong></span> 
     </span>
     <span class='ocr_line' id='line_1_49' title="bbox 613 2899 1039 2958; baseline 0.012 -17"><span class='ocrx_word' id='word_1_304' title='bbox 613 2899 645 2942; x_wconf 82' lang='lat' dir='ltr'><strong>les</strong></span> <span class='ocrx_word' id='word_1_305' title='bbox 659 2902 755 2955; x_wconf 78' lang='lat' dir='ltr'><strong>citoyans</strong></span> <span class='ocrx_word' id='word_1_306' title='bbox 768 2901 860 2944; x_wconf 74' lang='lat' dir='ltr'><strong>romain·</strong></span> <span class='ocrx_word' id='word_1_307' title='bbox 880 2915 907 2944; x_wconf 90' lang='lat' dir='ltr'><strong>ou</strong></span> <span class='ocrx_word' id='word_1_308' title='bbox 925 2904 992 2958; x_wconf 80' lang='lat' dir='ltr'><strong>parmi</strong></span> <span class='ocrx_word' id='word_1_309' title='bbox 1006 2904 1039 2946; x_wconf 83' lang='lat' dir='ltr'><strong>les</strong></span> 
     </span>
     <span class='ocr_line' id='line_1_50' title="bbox 614 2961 1039 3009; baseline 0.014 -7"><span class='ocrx_word' id='word_1_310' title='bbox 614 2961 720 3005; x_wconf 82' lang='lat' dir='ltr'><strong>habitants</strong></span> <span class='ocrx_word' id='word_1_311' title='bbox 732 2964 768 3006; x_wconf 83' lang='lat' dir='ltr'><strong>dos</strong></span> <span class='ocrx_word' id='word_1_312' title='bbox 775 2968 848 3006; x_wconf 78' lang='lat' dir='ltr'><strong>autres</strong></span> <span class='ocrx_word' id='word_1_313' title='bbox 858 2977 978 3008; x_wconf 85' lang='lat' dir='ltr'><strong>communes</strong></span> <span class='ocrx_word' id='word_1_314' title='bbox 987 2967 1039 3009; x_wconf 84' lang='lat' dir='ltr'><strong>siei-</strong></span> 
     </span>
     <span class='ocr_line' id='line_1_51' title="bbox 613 3024 704 3067; baseline 0.022 -2"><span class='ocrx_word' id='word_1_315' title='bbox 613 3024 704 3067; x_wconf 81' lang='lat' dir='ltr'><strong>liennes.</strong></span> 
     </span>
    </p>

    <p class='ocr_par' dir='ltr' id='par_1_17' title="bbox 612 3086 1038 3210">
     <span class='ocr_line' id='line_1_52' title="bbox 639 3086 1037 3142; baseline 0.015 -13"><span class='ocrx_word' id='word_1_316' title='bbox 639 3091 701 3130; x_wconf 81' lang='lat' dir='ltr'><strong>m.</strong></span> <span class='ocrx_word' id='word_1_317' title='bbox 723 3086 742 3129; x_wconf 90' lang='grc'><strong>1.</strong></span> <span class='ocrx_word' id='word_1_318' title='bbox 764 3087 899 3142; x_wconf 71' lang='lat' dir='ltr'><strong>casilinum,</strong></span> <span class='ocrx_word' id='word_1_319' title='bbox 918 3091 1005 3134; x_wconf 80' lang='lat' dir='ltr'><strong>villarie</strong></span> <span class='ocrx_word' id='word_1_320' title='bbox 1017 3093 1037 3135; x_wconf 83' lang='lat' dir='ltr'><strong>la</strong></span> 
     </span>
     <span class='ocr_line' id='line_1_53' title="bbox 612 3149 1038 3210; baseline 0.012 -17"><span class='ocrx_word' id='word_1_321' title='bbox 612 3149 874 3205; x_wconf 72' lang='lat' dir='ltr'><strong>Campanio.aujourd¹bui</strong></span> <span class='ocrx_word' id='word_1_322' title='bbox 882 3153 976 3210; x_wconf 57' lang='lat' dir='ltr'><strong>caprum</strong></span> <span class='ocrx_word' id='word_1_323' title='bbox 985 3155 1038 3198; x_wconf 77' lang='lat' dir='ltr'><strong>l&#39;mr·</strong></span> 
     </span>
    </p>
   </div>
   <div class='ocr_carea' id='block_1_15' title="bbox 0 0 1146 3496">
    <p class='ocr_par' dir='ltr' id='par_1_18' title="bbox 0 0 1146 3496">
     <span class='ocr_line' id='line_1_54' title="bbox 0 0 1146 3496; baseline 0 7"><span class='ocrx_word' id='word_1_324' title='bbox 0 0 1146 3496; x_wconf 95' lang='lat' dir='ltr'><strong> </strong></span> 
     </span>
    </p>
   </div>
  </div>
 </body>
</html>
