2284 3496
294 183 463 234 PHILIPPICA
481 183 628 243 SECUNDA,
647 183 719 243 xvn,
735 183 775 234 ll.
963 185 994 234 ll)

92 302 171 365 enlm
187 301 314 383 amplius
327 299 495 361 sestertium
516 299 688 362 ducenties²
704 309 858 382 acceptum
878 301 998 364 herodi-

91 399 201 468 latibus
213 398 314 460 rettuli
325 399 347 459 ³.
365 397 539 478 Quanquam
553 397 564 432 ⁴
578 397 610 458 ln
624 397 679 460 hoc
693 417 803 478 genere
822 400 918 461 fateor
934 399 998 461 feli-

93 499 205 561 ciorem
219 515 283 558 esse
299 501 338 556 te.
354 494 398 557 hle
413 513 500 556 nemo
514 495 572 556 nisi
587 496 701 558 amicus
715 496 785 559 lecit
799 497 954 573 heredem,
967 507 999 560 ut

94 613 162 658 aum
178 593 229 654 illo
251 593 418 672 commodo,
436 593 461 654 si
482 592 560 673 quod
583 599 657 670 erat,
672 591 763 654 anImi
779 593 899 675 quidam
914 595 1000 656 dolor

92 694 291 773 jungeretur:
315 699 344 753 te
366 691 393 751 is
409 709 497 770 quem
519 698 551 752 tu
566 688 666 752 vidsti
689 710 841 774 nunquam
849 691 871 770 ⁵,
887 691 920 754 L.
938 691 1000 754 Ru-

95 790 179 852 brius
192 787 314 852 Casinas
324 788 347 859 ὓ,

136 887 186 948 lt.
209 886 245 948 Et
259 885 379 968 quidem
401 883 468 946 vide
492 905 580 967 quam
602 893 630 948 te
653 886 760 948 amarit
783 887 809 949 is
831 887 895 969 qui,
917 889 1002 951 alhus

97 993 199 1048 aterne
209 984 313 1062 fueris,
323 983 475 1062 ignorans,
484 982 584 1046 fratris
593 984 687 1046 hlium
696 986 838 1066 praeteria
851 985 885 1060 Q.
896 985 1002 1065 Fufii,

100 1081 303 1146 honestissimi
317 1080 427 1162 equitis
439 1081 564 1144 Romani
584 1081 691 1164 suique
705 1081 896 1161 amicissimi,
913 1103 1003 1166 quem

100 1181 197 1264 palam
223 1179 364 1241 heredem
387 1197 505 1260 semper
522 1178 685 1258 lectitarat,
705 1199 743 1242 ne
764 1179 916 1243 nominat²
936 1183 1002 1264 qui-

100 1278 189 1338 dem:
214 1283 255 1348 te,
271 1293 362 1358 quem
377 1293 529 1354 nunquam
552 1275 667 1338 viderat
680 1283 731 1338 aut
744 1286 825 1338 certe
849 1297 1004 1360 nunquam

103 1376 291 1450 salutaverat,
305 1370 375 1433 lecit
390 1371 542 1434 heredem.
557 1371 655 1435 Velim
670 1373 744 1434 mihi
759 1371 852 1453 dicas,
869 1376 928 1438 nisi
943 1396 1008 1438 mo-

103 1467 214 1536 lestum
229 1477 284 1547 est,
300 1468 333 1531 L.
351 1468 503 1531 Turselius
521 1488 579 1550 qua
596 1469 672 1533 Iacie
687 1469 788 1550 fuerit,
805 1491 865 1552 qua
884 1480 1007 1553 stature,

104 1590 163 1652 quo
179 1567 354 1649 municipio,
368 1587 427 1649 qua
439 1566 528 1628 trihu.
544 1567 650 1630 «Nihil
662 1567 723 1630 scio
738 1589 766 1647 o,
780 1570 910 1651 inquieS,
922 1591 938 1633 c
951 1572 1010 1650 nisi

24 1664 30 1675 '
106 1688 172 1750 quae
187 1667 298 1750 praedia
312 1665 450 1728 hahuerit
467 1689 496 1727 o.
514 1663 608 1744 Igitur
632 1666 753 1728 fratrem
777 1668 961 1732 exheredans
984 1678 1012 1732 te

107 1765 233 1828 faciebat
245 1761 397 1826 heredem.
410 1759 443 1824 In
461 1765 569 1825 multas
579 1769 723 1845 praeterea
734 1767 876 1846 pecunias
889 1768 1012 1831 alienis*

109 1864 253 1925 simorum
267 1862 435 1936 hominurn,
445 1861 473 1922 vi
487 1861 589 1941 ejectis
599 1861 676 1923 veris
686 1863 859 1942 heredibus
872 1872 1013 1946 tanquam

110 1963 198 2022 heres
219 1979 313 2040 esses,
339 1959 486 2020 invasisti.
507 1959 682 2040 Quanquam
697 1960 754 2022 hoc
769 1963 897 2025 maxime
917 1964 1015 2026 admi-

110 2066 192 2120 ratus
221 2076 299 2136 sum,
329 2057 512 2118 mentionem
537 2064 565 2118 te
591 2056 790 2120 hereditatum
818 2080 927 2122 ausum
950 2081 1015 2124 esse

111 2156 221 2233 Iacere,
239 2153 383 2235 cumipse
399 2153 594 2215 hereditatem
609 2155 703 2236 patris
718 2175 777 2217 non
792 2157 906 2220 adisses
914 2161 936 2220 ³.

150 2251 242 2316 XVII.
260 2251 312 2312 lh.
328 2250 396 2314 Haec
411 2260 443 2315 ut
458 2251 628 2331 colligeres,
642 2253 732 2315 homo
745 2254 961 2333 amentissime,
976 2264 1018 2318 tot

110 2352 174 2414 dies
189 2351 219 2412 in
235 2348 331 2411 aliena
343 2349 432 2412 vitla1
447 2348 642 2412 declamasti?
654 2369 824 2433 quanquam
839 2353 1015 2435 tequidem,

111 2583 158 2628 tuo
180 2583 231 2630 dans
249 2583 270 2627 le
285 2587 397 2626 testament
417 2580 465 2626 d'un
489 2582 538 2625 ami.
593 2597 673 2628 comme
684 2590 728 2629 mot
741 2585 865 2640 iurportanl.
876 2585 939 2643 ⁸2⁶·
954 2587 1018 2631 Casta

112 2673 138 2681 -
146 2649 167 2691 ἲ.
178 2649 319 2692 Sestertium
329 2647 455 2694 ducenties,
463 2651 539 2688 s.-ent.
594 2657 644 2696 aas.
653 2647 679 2690 de
696 2648 803 2696 Casinum,
816 2647 868 2690 ville
880 2647 908 2688 do
920 2648 1011 2691 utinm.

113 2715 209 2756 aaataaa
218 2711 294 2754 millla
307 2709 340 2763 (aa
354 2709 448 2750 millions
458 2708 484 2749 de
494 2720 541 2750 sos·
621 2715 663 2752 41.
681 2710 700 2752 l.
719 2711 786 2762 Fufii,
805 2713 911 2752 sous-ent.
931 2711 1016 2761 hliuma
1068 2761 1072 2768 ¹

116 2771 335 2827 tereos),expression
346 2769 541 2825 comportaconsi-
595 2771 648 2814 —h
663 2773 776 2822 Nominat,
788 2771 840 2813 dans
852 2782 890 2812 son
903 2775 1021 2816 resument.

117 2833 180 2877 dtrto
192 2847 272 2876 comme
283 2847 311 2876 un
327 2833 446 2878 substantii
458 2837 541 2882 neutro,
596 2833 647 2875 -3,
655 2835 805 2879 Noaadtaeas.
816 2833 854 2886 lly
868 2844 967 2885 renonca,
976 2834 1021 2877 d'a-

116 2909 168 2940 erec
180 2897 247 2950 lequel
257 2896 365 2940 s'aeeorde
380 2899 502 2949 acceptam
517 2917 543 2925 -
598 2897 646 2950 pres
657 2896 773 2945 Drumann,
782 2907 835 2950 pour
845 2907 872 2936 ne
886 2907 924 2949 pas
939 2897 1020 2940 aroirh

118 2959 141 3001 3,
152 2959 246 3008 nectare,
255 2959 293 3012 j'ai
306 2957 365 3013 porte
376 2971 412 3000 sur
428 2969 477 3000 mon
490 2956 543 3000 livre
598 2969 660 3013 payer
679 2959 711 3000 les
726 2957 795 3000 dettes
808 2956 835 2999 de
850 2969 889 3000 son
904 2957 966 3013 pere.

119 3020 145 3063 de
155 3024 249 3074 comptas
263 3020 354 3075 (tutata
367 3021 454 3074 occupa
465 3023 486 3064 ct
501 3031 543 3064 ea·
624 3024 667 3064 ⁴².
696 3020 716 3063 l.
730 3021 811 3064 Aliana
838 3021 901 3070 altta.
924 3021 945 3064 la
963 3035 1022 3066 corrr-

118 3081 262 3136 pcastl.-·l.
272 3083 413 3136 Quanquam.
422 3083 473 3137 Voy.
486 3082 497 3138 ἒ
509 3082 543 3133 22,
599 3094 668 3138 pagna
687 3083 715 3126 du
737 3081 856 3139 heau-pero
876 3083 903 3126 de
920 3083 1021 3138 Pompte,

120 3150 169 3188 note
181 3144 259 3187 l.-5.
271 3146 398 3198 Nunquam,
411 3146 451 3187 ints
462 3145 502 3187 ila
514 3144 543 3188 fin
599 3144 623 3198 Q.
636 3145 733 3190 Metellus
749 3146 843 3200 Scipion,
861 3145 896 3199 qui
911 3157 934 3187 ae
954 3149 991 3188 tua
1012 3143 1024 3188 h

200 3219 324 3265 ornamus
340 3203 505 3272 nurlmrrqon.
884 3215 901 3264 4
