2284 3496
306 219 477 274 murmura
492 221 762 284 snonunanxxu,
777 188 832 273 loo.
985 221 1015 274 ar

22 411 23 418 ἵ
109 335 336 419 pudicissimam
359 335 611 411 seminamouid
635 338 779 418 estquod
806 336 877 400 addi
899 338 1015 420 possit?

108 441 265 497 contentus
278 453 313 496 eo
329 454 388 497 uon
401 433 495 496 luisti.
512 433 766 520 Frequentissimo
782 443 888 498 senatu
901 435 1013 498 Kalen-

107 533 154 596 dis
166 531 328 611 ianuariis,
338 533 461 595 sedente
479 540 595 614 patruo,
613 531 690 594 hanc
704 532 911 596 tibiessooum
924 533 1013 598 Dola-

14 644 15 648 ’
106 628 187 694 bella
203 649 324 694 causam
336 630 397 694 odii
421 631 520 694 dicere
539 648 631 693 ausus
652 648 695 709 es,
713 630 792 710 quod
808 630 844 694 ab
861 650 897 694 eo
916 633 1012 696 sorori

105 734 136 789 et
150 728 234 789 uxori
247 734 305 790 tuae
320 735 455 810 stuprum
470 745 537 790 esse
552 727 686 791 oblatum
711 729 919 809 comperisses
937 730 1009 804 Quis

105 825 297 908 interpretari
313 833 422 908 potest,
441 825 697 909 impudentiorne,
713 825 764 907 qui
786 827 818 888 in
840 834 957 905 senatu,
973 846 1011 890 an

11 1005 12 1014 ἵ
105 923 281 1005 improbior,
295 925 390 1006 quiin
405 922 601 1002 Dolabellam,
615 943 653 986 an
665 924 825 1006 impurior,
839 924 891 1006 qui
904 932 1010 1007 patruo

10 1085 11 1110 ἶ
105 1021 257 1100 audiente,
278 1040 316 1086 an
345 1021 507 1098 crudelior,
531 1021 583 1105 qui
609 1022 641 1084 iu
670 1021 753 1086 illam
780 1022 922 1085 miseram
947 1029 1007 1085 tam

10 1117 13 1140 ³
104 1136 222 1202 spurce,
248 1127 309 1194 tam
335 1120 427 1204 impie
449 1118 583 1183 dixeris?

9 1217 12 1224 '
145 1215 273 1280 XXXIX.
297 1217 370 1282 too.
403 1216 463 1282 Sed
481 1218 518 1281 ad
539 1217 738 1300 chirographa
752 1218 921 1282 redeamus.
939 1217 1010 1294 Quae

96 1321 156 1378 'tua
166 1314 223 1376 luit
237 1315 367 1394 cognitio
379 1315 411 1376 ¹?
423 1315 495 1378 Acta
507 1315 588 1376 enim
602 1315 727 1380 Caesaris
742 1317 824 1398 pacis
836 1335 927 1380 causa
936 1335 1009 1380 cou-

7 1431 8 1436 ’
104 1411 224 1475 firmata
238 1419 336 1476 sunta
348 1419 463 1486 senatu,
481 1431 547 1494 quae
562 1412 684 1494 quidem
699 1411 797 1478 Caesar
811 1415 932 1492 egisset,
950 1433 1010 1476 non

104 1529 141 1574 ea
155 1529 221 1594 quaa
244 1510 343 1590 egisse
362 1509 508 1592 Cesaram
523 1509 647 1595 dixisset
666 1509 824 1574 Antonius.
848 1509 933 1576 Unde
952 1512 1010 1573 ista

103 1607 310 1691 erumpunt’?
323 1626 382 1691 quo
398 1616 518 1672 auctore
539 1607 753 1689 proteruntur?
774 1609 800 1672 si
822 1617 891 1671 sunt
918 1608 1006 1683 salsa,

103 1725 157 1769 cur
180 1705 363 1787 probantur?
387 1707 413 1768 si
435 1724 516 1782 vera,
533 1724 587 1768 our
600 1703 750 1769 veneunt?
771 1706 810 1770 At
829 1706 874 1770 sic
889 1705 1007 1788 placue-

102 1805 171 1867 rat³
197 1812 230 1866 ut
255 1803 397 1868 Kalendis
419 1801 518 1868 Juniis
537 1804 574 1866 de
600 1802 724 1867 Caesaris
750 1803 825 1866 actis
847 1823 915 1867 cum
937 1821 1007 1866 cou-

102 1902 170 1965 silio
190 1902 422 1982 cognosceretis.
445 1901 530 1977 Quod
559 1900 616 1966 suit
630 1897 815 1964 consilium?
840 1921 929 1983 quem
949 1921 1007 1964 un-

101 2019 189 2082 quam
204 1997 395 2064 convocasti?
414 2019 489 2082 ques
518 1997 667 2062 Kalendas
686 1998 792 2062 lunias
812 1996 1010 2082 exspectasti?

101 2117 139 2160 au
154 2115 203 2160 eas
217 2097 256 2160 ad
265 2115 338 2178 quas
352 2104 393 2174 te,
411 2097 575 2178 peragratis
588 2103 793 2160 veteranorum
803 2095 941 2172 coloniis,
953 2097 1011 2160 sti·

103 2202 203 2278 patum
219 2195 332 2255 armis*
346 2190 509 2256 rettulisti?

142 2291 166 2358 0
190 2291 362 2373 praeclaram
388 2290 470 2355 illam
499 2291 772 2371 percursationem⁵
793 2298 874 2354 tuam
904 2309 1007 2355 mense

100 2389 195 2475 Aprili
210 2389 399 2473 atquellaio,
419 2397 483 2451 tum
505 2406 572 2450 cum
600 2388 689 2450 etiam
711 2387 839 2472 Capuam
859 2389 1007 2453 coloniam

103 2486 273 2552 deducere⁶
296 2493 419 2551 conatus
442 2488 489 2550 esl
516 2486 771 2561 Quemadmodum
793 2487 877 2551 illino
896 2487 1008 2552 abieris

126 2751 192 2790 m.
204 2748 225 2790 l.
238 2747 347 2800 Gopattto,
359 2757 446 2788 examen
457 2745 484 2789 de
492 2759 527 2788 ces
583 2746 634 2790 --2
646 2747 706 2792 Uada
716 2751 846 2800 memorat,
856 2747 904 2790 d'ot
916 2752 1009 2792 cortent-

101 2809 194 2866 papien.
203 2810 231 2852 Le
241 2808 301 2852 sduat
311 2807 368 2851 nvait
378 2805 527 2860 nommerer‘s
579 2807 606 2850 ils
620 2808 639 2852 si
652 2809 794 2852 subitementt
806 2831 833 2840 —
841 2809 860 2852 ³.
875 2811 1005 2862 Placuerat.

100 2870 194 2932 lepmois
215 2868 241 2912 de
259 2871 315 2925 juin,
332 2883 372 2915 une
391 2871 526 2913 commissioni
580 2871 595 2914 il
609 2871 666 2914 nvait
684 2869 852 2926 cntdtotdapu
868 2883 896 2914 un
910 2870 1007 2916 matus-
1045 2907 1047 2911 ,

100 2931 525 2988 (comitium)chargdedoxamiaeraveo
580 2931 1005 2990 consum-t.srtpatumormtatoy.

99 2993 384 3049 iudeus-mosulscequ’ll
397 2994 526 3038 ialiaitoon-
579 2994 669 3046 lutrod.,
683 2993 695 3048 fl
710 2993 745 3038 Η.
766 2995 826 3038 -5,
847 2997 1007 3041 Percarsatt'c-

99 3055 183 3100 uiderer
192 3068 273 3099 comme
281 3055 396 3100 reriublas
406 3061 467 3100 aetas
480 3057 526 3111 (nc-
578 3067 637 3105 mm.
651 3068 690 3100 son
705 3068 785 3112 voyage
800 3055 854 3100 daus
866 3057 899 3100 les
910 3058 1004 3102 colonias

98 3120 132 3174 ta)
141 3117 247 3168 dedatur,
260 3117 301 3160 etin
312 3120 339 3161 de
349 3123 426 3162 mettre
443 3118 471 3162 dn
485 3131 525 3162 aux
578 3118 615 3162 das
627 3117 734 3162 actitans.
747 3120 798 3175 ch.
815 3119 894 3163 lutrod.
905 3119 917 3174 ἓ
930 3120 964 3164 ll.
978 3143 1004 3154 -
1046 3119 1075 3138 ‘¹‘

97 3181 222 3235 abusqu’on
237 3180 310 3224 interit
324 3181 351 3224 de
369 3194 406 3226 res
427 3182 521 3238 papien.
577 3181 598 3224 6.
626 3183 747 3226 Deductae.
771 3181 862 3226 orcam
881 3183 901 3226 le
918 3182 949 3224 lui
965 3179 1004 3224 dd·
