2284 3496
119 137 121 140 ’
176 155 208 205 so
375 151 548 202 rrrrnmos
565 151 712 208 suornm,
729 151 886 211 mxumo.

177 285 281 332 eorum
297 266 349 350 qui
369 274 411 346 te,
436 267 461 328 si
488 285 578 328 sanus
593 283 686 340 esses,
703 265 817 328 salvum
840 265 906 328 esse
923 267 1099 330 voluerunt

177 366 254 428 elem
267 372 296 427 te
312 365 434 426 domum
449 363 598 446 recepisti.

216 464 267 525 89.’
290 461 393 526 Orneo
405 457 514 525 frustm
534 481 653 543 semper
664 461 819 524 verissime
840 462 966 541 auguris
981 481 1098 526 rerum

176 562 358 623 lulureruml
389 561 528 623 Dicebam
556 555 618 620 illis
644 559 675 619 in
698 557 844 641 Capitolio
872 559 1096 623 liberatoribus

177 658 299 734 nostris,
316 675 383 719 eum
412 675 459 719 rne
481 657 517 717 ad
534 662 564 717 te
579 655 622 720 ire
634 656 746 717 vellent
759 662 791 716 ut
806 655 844 716 ed
863 655 1096 719 defendendam

175 748 403 836 rempublicam
419 761 449 815 te
464 753 640 815 adhortarer
658 772 665 814 :
686 751 784 834 quoad
799 754 961 830 metueres,
984 756 1096 816 omnia

176 862 205 916 te
220 854 454 934 promissurum
472 849 561 913 simul
578 869 613 912 eo
626 849 732 912 timere
746 849 887 928 desisseS,
906 849 1046 912 similem
1063 861 1094 914 te

176 951 309 1014 sulurunr
321 950 380 1012 tui.
404 950 509 1031 ltaque
522 968 589 1011 curn
604 947 696 1011 ceteri
711 948 882 1011 consulares
893 947 984 1024 irent,
1001 950 1091 1012 redi-

176 1056 252 1126 rent,
269 1047 300 1110 in
316 1041 465 1109 sententie
479 1041 597 1108 mansi:
610 1043 712 1126 ‘neque
728 1052 757 1107 le
772 1044 824 1106 illo
839 1045 888 1107 die
901 1061 1000 1125 neque
1016 1065 1091 1126 pos·

176 1155 239 1209 tero
253 1145 330 1215 vidi;
345 1161 443 1224 neque
456 1143 548 1205 ullam
565 1143 736 1206 societatem
749 1142 869 1224 optimis
883 1141 999 1205 eivibus
1017 1163 1089 1206 cum

176 1236 451 1324 importunissimo¹
476 1241 561 1306 hoste
581 1239 694 1302 ledere
714 1240 775 1302 ullo
802 1240 973 1303 confirmari
997 1259 1088 1321 posse

177 1338 303 1403 credidi.
319 1331 391 1402 Post
402 1339 482 1401 diem
496 1339 619 1402 te'rliurn
630 1339 642 1376 ¹
655 1338 722 1400 reni
738 1337 876 1400 in'aedem
896 1337 1044 1418 Telluris,
1061 1350 1087 1402 el

177 1438 297 1519 quidem
317 1437 440 1515 invitus,
458 1455 524 1499 eum
538 1453 641 1498 omnes
655 1435 752 1498 aditus
767 1435 873 1497 ermeli
898 1435 1084 1499 obsiderent.

182 1543 185 1550 ’
217 1533 267 1596 90.
291 1533 347 1607 Qui
361 1532 415 1596 tibi
431 1533 494 1594 dies
509 1532 590 1606 ille¹‚
605 1532 725 1608 Antoni,
737 1531 808 1595 fuiti
823 1550 995 1613 quanquam
1008 1533 1085 1596 rnibi

177 1631 318 1696 inimicus
330 1630 448 1692 subito¹
461 1627 610 1704 exstitisti,
625 1638 724 1691 temen
740 1647 787 1690 me
799 1630 843 1690 tul
855 1628 989 1708 miseret,
1002 1633 1085 1714 quod

177 1729 230 1792 tibi
246 1727 431 1810 invideris³.¹
813 1787 815 1790 .

215 1826 344 1889 xxxvl.
356 1823 412 1898 Qui
423 1825 521 1896 turin,
531 1824 561 1886 di
574 1823 770 1901 immortales,
780 1829 947 1906 etquonlus
956 1823 1082 1903 luisses,

179 1924 204 1985 si
218 1917 300 1984 illius
314 1921 373 1983 diei
390 1921 539 1983 mentem⁴
554 1938 671 1982 serrare
685 1921 849 2002 potuisses!
866 1921 973 1983 Pacem
987 1921 1084 1986 babe-

178 2037 291 2098 remuS,
305 2037 371 2102 quae
389 2025 454 2080 eret
472 2017 547 2080 laete
568 2037 621 2100 per
635 2017 771 2080 obsidem
793 2036 919 2098 puerum
937 2015 1082 2093 nobilem,

176 2117 214 2182 ll.
233 2115 452 2180 Bambalionis⁵
468 2123 617 2196 nepotem.
634 2114 809 2197 Quanquam
824 2114 934 2177 bonum
948 2123 975 2177 te
992 2117 1083 2180 rimor
1114 2175 1115 2204 ,

178 2215 316 2295 leniebat,
340 2233 402 2277 non
425 2213 587 2276 diuturnus
616 2212 757 2292 magister
783 2213 884 2289 oldeii,
911 2212 1083 2294 improbum
1114 2205 1115 2236 ¹

203 2420 247 2459 80.
266 2416 286 2459 l.
308 2415 508 2470 importunissimo,
525 2414 602 2458 lnlrni-
657 2412 725 2456 menne
734 2417 790 2456 cette
803 2413 881 2468 gleire,
892 2425 974 2456 oommo
984 2414 1083 2460 territur

175 2476 242 2520 table.
260 2499 287 2508 -
307 2477 328 2520 b.
347 2478 400 2520 Post
419 2477 478 2520 diem
500 2477 600 2526 eretum,
655 2476 739 2518 ennensi
752 2475 788 2530 qui
805 2480 827 2518 te
841 2475 924 2520 l'envie.
936 2475 996 2519 —b
1014 2478 1081 2522 lilius

177 2539 246 2582 meme
266 2533 331 2581 ebore
349 2549 388 2590 que
407 2541 472 2582 tertio
494 2533 529 2581 die
544 2543 600 2590 poet.
655 2538 810 2580 decimalem.
826 2538 883 2580 Dans
897 2542 953 2581 cette
963 2536 1042 2581 seonoe
1055 2541 1081 2583 dn
1114 2555 1115 2566 ¹

177 2599 253 2643 G'etnit
272 2599 293 2641 le
312 2597 338 2640 ll
353 2610 419 2640 mers.
433 2599 527 2640 Antoine
545 2599 602 2642 uuir
655 2599 688 2651 lt,
706 2599 798 2642 Antoino
816 2612 839 2642 se
858 2603 941 2642 mentre
954 2600 997 2642 tort
1009 2603 1083 2644 eenei-
1114 2619 1115 2656 l

176 2659 283 2716 eoumque
294 2660 315 2703 le
327 2658 387 2702 stunt
406 2659 460 2702 dans
480 2659 501 2702 lo
521 2661 600 2716 temple
655 2661 716 2704 lieni.
727 2663 778 2716 Voy.
791 2662 879 2710 lntrod..
889 2661 929 2714 39.
940 2663 996 2704 -5.
1011 2664 1081 2706 Bam·
1114 2659 1115 2722 l

176 2723 203 2766 de
216 2723 293 2772 Tellus,
309 2719 459 2772 nuxGnrenes,
473 2721 522 2776 pres
538 2722 564 2764 de
580 2723 600 2765 ln
654 2724 759 2767 berlionis.
788 2721 826 2766 lt(
851 2723 939 2766 Fulvius
973 2723 1080 2767 Bambalio
1114 2725 1115 2776 l

93 2797 95 2802 ·
177 2785 259 2827 maison
276 2784 302 2826 de
321 2781 419 2838 Pompee,
435 2781 483 2837 qu'il
497 2784 599 2839 oocupait.
655 2784 706 2828 oluit
726 2786 747 2826 le
767 2784 819 2840 pere
843 2784 870 2828 de
893 2784 972 2834 Fulvio,
1001 2783 1081 2839 epouse
1114 2781 1115 2798 ³

201 2851 247 2889 00.
258 2846 280 2889 1»
294 2847 338 2899 Qui
351 2847 394 2889 tite·
410 2847 456 2888 dieo
466 2847 513 2896 ilie,
525 2859 565 2899 que
575 2859 600 2890 ee
654 2846 775 2890 d’nntoiue.
788 2847 816 2889 Lo
825 2846 858 2888 lrls
866 2845 892 2888 de
903 2847 1004 2888 Fulvieet
1013 2847 1080 2890 d'An·

174 2909 226 2960 jour
248 2908 280 2949 lut
306 2909 402 2964 glorieux
428 2919 482 2961 pour
504 2909 548 2952 toil
574 2931 599 2941 -
653 2909 714 2952 toine
723 2913 745 2951 el
758 2908 812 2951 eelul
822 2909 848 2952 de
859 2907 951 2963 Lepidus
962 2908 1079 2951 lor-enten-

175 2968 196 3010 2·
209 2969 294 3020 Subito,
315 2973 361 3012 tout
383 2968 395 3012 ὶ
415 2981 470 3024 eoup
489 2969 559 3024 apres.
574 2993 599 3002 -·
654 2969 718 3024 rores
739 2981 819 3012 commo
836 2975 909 3024 oteges
927 2982 955 3012 uu
977 2969 1079 3024 Capitole,

175 3028 195 3071 3.
206 3030 600 3084 Tiblineiderir,o'est-b-direaloriae
653 3033 738 3086 lorsque
753 3033 785 3073 les
799 3031 897 3086 coniuret
909 3032 1001 3080 vinnom,
1013 3031 1032 3073 le
1044 3030 1078 3081 l'l.

175 3093 222 3134 tue
243 3091 361 3141 indum,
387 3095 410 3135 tu
425 3091 547 3136 ss‘derrun
558 3093 601 3136 toi·
655 3091 812 3136 bl'essemblee
824 3093 852 3136 du
868 3093 949 3148 peuple.
965 3092 1019 3146 Voy.
1038 3093 1077 3134 lu-
