2284 3496
113 226 146 274 54
332 226 499 276 PHILIPPICA
517 227 667 288 SECUNDA,
683 226 746 286 nxl,
762 225 800 276 50.

115 349 202 402 natus
213 340 348 402 occidero
357 341 380 418 ⁵,
391 359 519 421 cumque
531 359 593 402 earn
609 361 670 402 rem
682 350 733 403 tua
744 347 1018 423 sponte'conarcre,

115 456 174 499 non
187 437 318 518 Impulsu
331 457 408 515 meo,
418 446 517 500 tarnen
532 439 573 500 ita
586 439 779 519 praedicabas,
796 447 825 500 te
842 458 901 499 non
918 439 1020 522 exIsti·

115 552 207 610 mare,
235 535 292 596 nisi
314 535 398 595 illurn
416 535 631 613 interfecisses
650 555 781 619 unquarn
802 535 875 596 mihi
892 555 946 616 pro
962 535 1020 597 tuis

114 633 146 692 in
169 645 217 693 me
237 631 354 710 injuriis
380 633 451 694 satis
473 651 539 694 esse
561 633 719 695 iacturum.
743 635 778 695 In
806 652 864 714 quo
887 633 1020 694 demiror

115 748 168 790 cur
181 727 319 790 Milonem
340 727 471 810 Impulsu
484 748 550 791 meo
566 748 629 793 rem
642 730 721 792 illam
737 731 835 808 egisse
846 730 940 807 dicaS,
953 750 1018 792 curn

115 833 144 888 te
168 826 269 887 ultro⁶
289 825 364 887 mihi
386 826 466 888 idern
487 826 562 889 illud
585 827 768 890 deserentem
793 846 945 909 nunquam
965 828 1020 889 sinn

115 924 301 996 adhortatus,
320 925 472 1004 quoniam,
495 925 519 986 si
542 925 573 986 in
594 945 628 986 eo
647 943 866 1006 perseverares
882 925 918 985 ad
939 932 1020 987 tuam

113 1021 241 1099 gloriam¹
260 1039 323 1082 rem
345 1021 427 1082 illam
450 1022 555 1084 referri
583 1022 728 1086 malebam
751 1041 839 1105 quani
865 1022 902 1084 ad
924 1041 1019 1084 meam

115 1118 272 1194 gratiam⁷.

154 1215 203 1276 50.
221 1215 355 1288 Quaestor
367 1234 399 1277 es
412 1215 527 1278 sanus:
544 1217 653 1280 deinde
667 1218 807 1297 continuo
820 1218 886 1278 sine
901 1226 1020 1279 senatus

115 1312 260 1389 consulto,
278 1311 344 1374 sine
359 1320 437 1374 sorte
448 1313 471 1391 ¹,
491 1314 556 1376 sine
577 1315 662 1395 lege²
686 1315 723 1376 ad
745 1314 892 1378 Caesarem
913 1334 1021 1377 cuein-

115 1410 194 1487 risti3
214 1409 246 1472 id
271 1411 351 1472 enirn
379 1429 472 1472 unurn
492 1412 523 1474 in
545 1415 634 1475 terris
654 1413 803 1492 egestatis,
826 1415 895 1474 aeris
917 1413 1019 1490 alieni,

114 1507 263 1588 nequitiae,
281 1507 405 1588 perditis
421 1509 488 1570 vitae
500 1510 665 1572 roilouibus
674 1511 696 1587 ³,
706 1509 874 1590 perfugium
888 1527 953 1571 esse
969 1510 1022 1570 du·

115 1603 212 1666 cebas.
233 1603 277 1666 Ibi
296 1611 324 1664 te
346 1624 415 1666 curn
438 1605 519 1666 illius
542 1607 747 1686 largitionibus
768 1613 797 1668 et
822 1607 881 1667 luis
907 1607 1020 1686 rapinis

114 1699 304 1780 explevisscs‚
326 1701 352 1762 si
374 1701 430 1762 hoe
456 1709 501 1762 est
522 1702 650 1783 explere,
673 1702 752 1783 quod
767 1702 867 1764 statim
884 1702 1018 1764 effundas

114 1797 268 1872 devorare,
286 1796 427 1859 advolasti
444 1816 534 1878 egens
546 1799 584 1861 ad
598 1787 793 1878 tribunatum,
808 1806 840 1861 ut
857 1800 889 1860 iu
903 1818 937 1861 eo
954 1819 1018 1860 ma-

114 1895 252 1972 gistratu,
267 1895 293 1955 si
309 1913 423 1976 posses,
440 1895 515 1957 viri*
531 1897 573 1957 tui
589 1896 697 1958 similis
713 1915 804 1958 esses.

153 1989 230 2054 XXI.
252 1990 386 2072 Accipite
406 2011 497 2071 nunc,
512 2011 623 2074 quaeso‚
637 2013 697 2055 non
719 2012 754 2054 ea
776 2013 842 2075 quaa
859 1994 969 2075 ipsein
987 2011 1019 2055 se

115 2097 204 2168 atque
230 2087 261 2149 in
288 2089 484 2152 domesti0unr
516 2089 607 2153 decus
629 2089 746 2174 impure
767 2099 796 2152 et
816 2092 1020 2178 Intemperan-

115 2191 170 2260 ter,
181 2185 234 2247 sed
248 2205 313 2269 quae
328 2187 360 2248 in
377 2205 431 2248 nos
446 2186 639 2269 fortunasque
653 2196 780 2263 nostras
798 2188 827 2250 id
846 2195 890 2249 est
905 2191 935 2248 iu
951 2187 1019 2249 uni-

114 2301 229 2345 versam
249 2283 473 2365 rempublicam,
490 2286 580 2366 impie
597 2305 631 2348 ae
646 2285 758 2346 notarie
774 2286 893 2364 lecerit3
916 2285 952 2346 ab
968 2286 1021 2345 hu-

112 2380 161 2458 jus
183 2381 263 2441 enirn
283 2383 395 2444 scelere
407 2383 542 2444 omniurn
563 2383 708 2445 malorum
723 2383 902 2464 principium
920 2390 1019 2443 natum

117 2477 283 2556 reperietis.

114 2750 141 2758 —
156 2729 176 2769 5.
192 2728 303 2776 Occidere.
316 2741 363 2783 voy.
378 2728 434 2782 fill.
451 2734 502 2771 note
515 2729 537 2771 l.
594 2731 666 2772 vatent
688 2742 711 2772 sc
727 2730 815 2772 rondro.
833 2729 886 2782 Voy.
904 2726 1034 2769 Introdue-·

114 2789 167 2831 --6.
185 2791 245 2834 Ultro
259 2790 353 2842 clesma.
371 2790 430 2832 ollrir
453 2789 479 2832 de
500 2791 542 2833 soi·
592 2791 647 2843 tlon,
659 2793 670 2845 ἕ
684 2791 707 2834 2.
721 2791 773 2833 -2,
792 2792 845 2833 Sine
857 2791 913 2841 lepe.
930 2790 957 2830 Sa
971 2801 1021 2842 pro-

117 2851 191 2892 meme.
205 2852 238 2896 cl.
249 2853 260 2907 fi
271 2853 291 2903 l,
302 2857 350 2896 uoto
361 2853 382 2896 I.
394 2876 420 2884 —
432 2853 454 2896 I.
470 2856 541 2897 llecm
594 2853 656 2896 vinos
666 2865 692 2896 ne
707 2853 738 2895 lui
754 2854 808 2894 avait
821 2863 858 2906 pas
873 2850 908 2893 cto
920 2863 961 2894 non
974 2851 1021 2905 plus

116 2915 223 2964 aratiam,
244 2916 464 2970 complaisaneapour
485 2917 538 2958 mol.
594 2912 1020 2970 aselpneeparunplcbIscite.-3.Per·
1089 2925 1093 2934 ’
1136 2885 1137 2934 I

143 2979 188 3017 ιο.
209 2975 232 3017 l.
248 2979 303 3020 Sine
322 2985 415 3021 senalus
429 2980 539 3029 consulto,
594 2979 649 3020 aitte
659 2979 709 3020 otte
722 2977 858 3025 rationator.
872 2975 923 3018 dans
932 2976 1022 3018 tasltus·

28 3085 29 3088 *
117 3037 167 3080 tim
188 3040 256 3080 sorte.
283 3040 315 3082 IIn
344 3025 559 3083 senius-consulu·
594 3036 854 3092 crannonem-l.
873 3039 927 3088 Viri,
941 3036 967 3079 G.
981 3037 1020 3080 Cu·

116 3095 224 3152 procedall
249 3098 269 3140 le
289 3101 359 3154 tingo
385 3115 412 3142 au
434 3105 480 3142 sort
502 3101 540 3142 des
595 3100 654 3148 riou,
687 3096 740 3140 dont
773 3099 787 3141 il
822 3113 834 3142 a
867 3099 902 3142 otc
931 3101 1020 3141 sourcnt

115 3159 228 3215 provinces
248 3160 291 3218 orl,
305 3161 338 3204 los
362 3165 475 3217 questam
502 3161 540 3204 dc·
593 3159 699 3216 question.
