2284 3496
132 173 162 237 ib
363 177 533 236 rmnnorcn
549 179 803 246 subducentes.

133 309 189 381 set,
205 318 331 383 seroque
350 319 386 364 ec
409 304 521 366 sentire
541 302 680 385 cupisset
694 321 760 384 queo
778 321 833 382 ego
851 303 944 364 mutto
962 309 1032 364 ante

132 398 319 480 provideram
330 400 354 477 ³,
370 398 535 482 inferrique
547 399 649 482 petrice
670 399 783 461 beilum
797 397 931 460 riderem
946 398 1031 460 neis-

132 496 223 574 rium,
247 497 342 578 peris,
373 497 550 575 concordie,
572 497 798 578 compositionis
824 504 927 558 euotm
965 513 1033 558 erse

133 613 193 655 non
203 594 314 674 destiti,
324 613 448 676 meaque
460 595 573 657 ilievon
588 603 634 657 est
647 601 716 656 note
730 594 832 657 multis
847 614 854 654 :
874 591 1030 671 «minum,

132 700 267 782 Pompei,
286 720 354 763 cum
369 699 482 764 Cessare
498 701 669 764 societatem
683 707 734 763 aut
751 719 905 781 nunquam
920 701 1033 762 coisses

132 805 183 860 aut
206 817 359 882 nunquam
384 798 571 864 diremisses!
603 797 658 860 fuit
680 797 829 860 'aiterum‘
851 795 1032 876 gravitatis⁵,

104 881 107 886 ’
131 893 261 956 aiterum
285 893 450 975 prudentiss
466 903 534 959 tuoe.
552 919 566 954 n
585 895 654 958 Haec
668 911 745 972 mea,
761 893 799 956 bi.
817 893 938 970 Antoni,
954 911 1035 954 sem-

133 1011 186 1073 per
202 995 281 1056 etde
295 993 436 1076 Pompeio
450 1000 479 1056 et
494 993 530 1057 de
547 1013 579 1056 re
602 992 721 1075 publice
744 991 871 1054 consilia
891 993 1032 1068 fuerunt3

133 1105 200 1168 quae
214 1088 241 1150 si
255 1089 428 1170 valuissent,
445 1089 628 1172 respublica
649 1093 751 1166 steret,
771 1095 804 1149 tu
826 1089 887 1150 tuis
906 1076 1033 1166 desidis,

133 1193 277 1265 egestate,
294 1186 417 1249 infamio
430 1184 630 1250 concidisses:

171 1282 220 1344 XI.
237 1283 288 1347 25.
312 1284 371 1348 Sed
383 1286 446 1347 haec
458 1292 570 1363 vetera,
581 1285 657 1347 illud
667 1291 737 1346 vero
747 1302 867 1362 recens,
888 1281 1035 1347 Caesarem

132 1398 199 1444 meo
210 1381 334 1444 consitio
342 1381 614 1446 interiectumdam
622 1401 738 1459 vereor,
749 1389 848 1464 patres
861 1381 1034 1463 conscripti,

134 1492 183 1554 ne,
197 1476 276 1556 quod
286 1476 490 1558 turpissimum
500 1484 555 1554 est,
571 1475 847 1557 praevaricatorem*
861 1475 934 1536 mibi
948 1493 1037 1556 eppo

134 1573 229 1635 suissc
245 1574 357 1652 videar,
377 1573 428 1656 qui
450 1593 497 1635 me
521 1593 582 1634 non
596 1574 692 1634 solum
708 1573 782 1634 meis
799 1571 938 1635 laudibus
951 1591 1038 1634 orno·

133 1677 189 1748 ret,
205 1668 358 1732 sedetiam
373 1669 489 1732 alienis.
504 1669 575 1744 Quis
593 1668 675 1732 enim
697 1687 796 1732 meum
818 1669 848 1730 in
869 1669 926 1732 isto
940 1671 1036 1732 socie·

133 1861 185 1944 qui
209 1863 240 1924 in
259 1881 294 1924 eo
314 1863 458 1924 numero²
482 1861 598 1941 fuisset,
625 1881 735 1924 nomen
763 1870 807 1924 est
835 1861 1037 1924 occultatum?

134 1958 312 2022 occultatum
325 1959 413 2022 dico?
425 1964 510 2040 cujus
529 1979 589 2022 non
603 1961 703 2022 statim
712 1959 916 2040 divulgatum?
942 1958 1036 2022 Citius

133 2055 263 2118 dixerim
280 2057 409 2136 jactasse
431 2075 463 2118 se
485 2057 614 2138 aliquos,
629 2065 661 2119 ut
682 2057 776 2120 fuisse
797 2057 828 2118 in
849 2055 1038 2120 easocietete

132 2155 316 2234 viderentur,
335 2173 401 2217 cum
417 2173 477 2216 non
492 2153 631 2236 fuissent,
641 2174 730 2236 quam
745 2157 796 2217 ut⁸
818 2155 973 2237 quisquam
985 2173 1037 2216 ce-

132 2253 187 2315 leri
201 2253 290 2315 vellet
302 2253 354 2334 qui
368 2252 482 2315 fuisset.

172 2351 223 2413 26.
251 2351 346 2424 Quem
365 2351 427 2412 veri
447 2350 544 2413 simile
564 2370 653 2434 porro
678 2359 723 2414 est
750 2352 781 2413 in
800 2358 844 2413 tot
866 2348 1037 2414 hominibus

134 2447 242 2528 partim
281 2446 430 2526 obscuris,
465 2449 573 2529 partim
612 2449 853 2512 adulescentibus
888 2449 1037 2511 neminem

134 2543 380 2624 occultantibus¹,
395 2564 495 2607 meum
508 2563 617 2608 nomen
629 2547 723 2609 latere
741 2548 894 2630 potuisse?
920 2545 1038 2609 Etenim

134 2717 201 2760 nolui
213 2717 282 2760 retuso
299 2727 336 2771 pas
353 2728 392 2758 son
411 2726 557 2757 conoours.m
637 2719 679 2760 25.
707 2717 727 2760 i.
752 2717 960 2762 Praevcrtcctorem.
983 2715 1039 2757 G'cst

134 2779 153 2822 3.
165 2781 219 2834 Ques
264 2777 411 2833 provideram,
425 2776 558 2820 c'est-d-dire
610 2779 702 2822 Antoiuc
715 2779 763 2834 qu'ii
782 2779 870 2832 designo
883 2789 964 2818 comme
979 2789 1038 2820 muu-

134 2855 173 2896 que
183 2842 245 2885 Cdsar
255 2839 384 2884 deviendrait
395 2844 441 2894 trop
455 2839 557 2894 puissant.
604 2844 676 2894 duent
688 2841 700 2882 d
712 2855 746 2883 ses
758 2840 842 2882 devoir-s
852 2839 1001 2882 d'eccusuteur.
1013 2862 1039 2870 -

136 2925 161 2934 —
173 2903 193 2945 d.
212 2907 349 2948 Alterum
365 2903 469 2952 alterum,
482 2915 509 2943 ne
519 2913 557 2956 pas
611 2902 632 2944 2.
647 2905 750 2950 Numero,
764 2915 790 2943 ou
803 2902 889 2944 nombre
909 2901 947 2943 dos
961 2901 1040 2956 conju-

135 2966 267 3009 tormorune
282 2965 373 3008 elliance
430 2977 457 3006 ne
478 2976 517 3020 pus
539 2965 558 3006 le
612 2964 724 3007 ree-3.
739 2965 919 3016 desomnem
937 2968 964 3008 ut
977 2963 1039 3018 dqui-

135 3040 227 3084 compre.
240 3051 266 3059 -
282 3029 302 3070 5.
319 3027 449 3078 Gravitatis,
471 3024 559 3068 sermore
612 3030 661 3069 naut
673 3026 685 3068 d
697 3026 772 3078 potius
784 3037 858 3078 quum.

135 3091 162 3134 do
177 3089 294 3134 caractere.
307 3090 347 3132 Sur
359 3103 383 3133 co
394 3087 472 3146 genuit
481 3085 560 3144 ddpen·
639 3092 682 3132 ιο,
698 3087 717 3128 1.
726 3087 900 3133 occultantibus.
911 3089 952 3133 Ges
962 3090 1039 3144 jounes

136 3153 186 3196 dunt
196 3153 223 3195 de
233 3151 286 3204 seit,
295 3163 340 3204 roy.
352 3151 405 3206 3¹¹·
417 3157 466 3193 note
479 3151 498 3192 d.
540 3200 542 3206 ἲ
613 3162 667 3205 gons
682 3147 761 3191 etaient
778 3150 900 3206 incapobles
918 3152 945 3194 dc
961 3151 1039 3194 sacher
