2284 3496
155 104 186 162 82
337 107 510 162 PHILIPPICA
527 113 667 171 SECUNDA,
683 107 799 173 XXXVII,
817 109 855 162 93.

155 231 253 306 betur,
268 236 299 290 ut
311 229 375 308 ejus
386 247 476 292 einen
488 245 576 290 omne
588 237 709 309 prepter
722 229 888 310 proximum
903 228 1057 292 dictatoris

156 335 267 390 metum
280 325 402 389 tolleres
413 327 449 388 ¹¹.

196 424 245 486 en.
269 421 432 486 Censtituta
444 421 622 504 respublica
636 421 792 485 videbatur
804 423 885 500 eliis,
899 422 973 485 mihi
986 443 1057 486 vere

159 521 239 584 nulle
259 522 358 596 mede,
377 522 427 603 qui
441 521 550 598 emnia,
570 531 597 581 te
611 515 814 600 gubernante·
824 521 978 601 naufragia
993 541 1059 583 me-

158 619 288 682 tuebam.
317 619 395 682 Num
424 618 516 698 igitur
543 637 591 680 me
617 617 736 690 fefellit,
765 627 817 680 eut
844 637 916 680 num
945 617 1057 680 diutius

156 717 203 779 sui
225 703 319 800 poluit
344 715 500 778 dissimilis
527 715 613 777 esse?
634 713 872 797 [aspectantibus
891 716 977 777 vebis
996 722 1057 778 tole

156 803 319 895 (Ῑιιρίιοιίοί
349 802 455 875 tebulee
481 813 657 892 figebantur,
684 831 781 893 neque
804 814 900 876 selune
931 812 1056 892 singulis

83 908 86 912 ’
157 910 294 974 venibant
312 911 524 985 immunitates,
547 911 600 972 sed
623 910 713 972 etiem
742 910 860 992 populis
880 911 1054 972 universis:

156 1010 260 1072 civitas
280 1027 339 1070 nen
360 1009 423 1088 jem
445 1008 629 1086 singillatim,
652 1007 704 1069 sed
732 1008 891 1090 provinciis
909 1007 978 1070 tetis
1001 1008 1057 1072 de-

155 1094 252 1168 betur.v
272 1105 375 1186 ltaque
398 1105 424 1168 si
443 1104 505 1167 haee
526 1112 657 1183 manent,
676 1117 742 1186 quee
766 1095 863 1168 stante
884 1105 1058 1188 republica

154 1219 276 1265 manere
303 1193 369 1269 nen·
390 1211 525 1284 possunt,
550 1199 718 1284 provincias
745 1203 931 1278 universes¹‚
957 1207 1071 1284 petres'

154 1300 326 1381 conscripti,
350 1299 540 1382 perdidistis3
566 1319 663 1382 neque
683 1301 839 1380 vectigalia
867 1302 974 1376 selum,
1002 1300 1058 1362 sed

154 1398 243 1460 etiarn
270 1397 430 1478 imperium
461 1391 718 1480 pepuli‘R‘erneni
749 1399 837 1479 hujus
865 1397 1057 1460 domesticis⁸

155 1494 296 1556 nundinis
321 1495 509 1558 deminutum
526 1503 582 1558 est.

194 1591 336 1656 XXXVII.
360 1593 409 1654 93.
431 1591 488 1656 Ubi
514 1601 558 1656 est
580 1593 691 1674 septies
708 1591 839 1653 millies*
859 1591 937 1671 qued
960 1598 1005 1651 est
1023 1592 1057 1652 in

151 1691 282 1754 tebulis¹
307 1709 372 1772 quee
397 1691 527 1754 suntad
550 1687 659 1771 Opis³l
679 1691 803 1752 lunestee
830 1689 912 1750 illius
933 1687 1057 1770 quidem

154 1788 320 1872 pecuniaet,
345 1785 397 1850 sed
416 1797 517 1850 lernen
543 1807 608 1869 que
636 1805 701 1863 nes,
725 1787 750 1848 si
778 1788 815 1848 iis
837 1804 963 1866 querum
988 1793 1056 1846 eret

152 1905 211 1948 nen
227 1887 415 1958 redderetur,
432 1904 450 1948 a
465 1884 583 1946 tributis
598 1892 699 1964 posset
713 1883 873 1945 vindicare.
896 1883 941 1944 Tu
955 1890 1058 1943 eutem
1128 1929 1129 1954 ι

151 1982 415 2065 quadringenties⁵
436 1981 618 2058 sestertium,
639 1981 719 2062 qued
738 1979 840 2051 Idibus
863 1979 976 2042 lllertiis
1001 1978 1058 2042 de-

148 2192 188 2236 tes.
198 2165 259 2246 ven,
268 2193 329 2236 Ριιι.
343 2193 360 2244 ι,
375 2192 387 2250 n
400 2191 454 2237 s-
463 2190 497 2234 n.
509 2192 577 2236 nme
655 2197 699 2235 ne.
708 2161 822 2244 eserie
828 2192 910 2235 milne
919 2189 1057 2248 estemploye

149 2281 174 2297 ...
189 2255 287 2306 tolleres,
299 2267 340 2308 qne
352 2259 375 2296 tu
389 2253 472 2296 veulels
483 2252 577 2296 tetrutre
631 2266 713 2296 eenrme
732 2254 798 2296 snbst.
825 2258 898 2296 neutre
913 2265 919 2293 ι
935 2259 983 2308 sept
994 2261 1057 2298 eents

148 2319 195 2360 leut
204 2315 292 2371 pretege
302 2317 408 2359 leverehle
422 2315 435 2358 ir
449 2317 469 2358 le
480 2315 574 2370 reyeule,

148 2383 239 2432 prepter
252 2380 380 2430 proximem
394 2379 515 2422 dictatoris
526 2389 575 2421 nte-

148 2446 204 2490 tem‚
214 2439 299 2482 lause
312 2440 338 2482 de
351 2440 372 2482 le
385 2440 467 2482 cratete
485 2439 576 2494 inspires

149 2514 187 2556 par
198 2501 219 2543 le
230 2501 315 2542 dernier
321 2501 436 2552 dietateer,
448 2501 577 2556 qniespireit

149 2563 161 2606 t
175 2564 196 2606 le
211 2561 306 2616 reyeete.

174 2629 220 2668 ω.
233 2625 254 2670 l.
271 2627 321 2668 Pete
340 2625 459 2677 capitello,
479 2636 515 2666 sur
529 2630 576 2668 tous

148 2687 181 2730 les
196 2700 252 2730 murs
264 2686 291 2728 du
302 2686 383 2741 temple
398 2686 424 2728 de
441 2686 525 2740 tupiter
535 2687 576 2730 Ce-

149 2750 232 2803 pitelin.
241 2773 267 2780 -
276 2749 296 2790 t.
306 2749 438 2791 Preninetee
445 2749 574 2798 universes,

149 2811 187 2856 des
199 2811 309 2864 provinces
324 2810 423 2854 entieres.
441 2810 473 2852 (tl.
487 2813 575 2862 penulis

149 2874 264 2916 universis
274 2875 310 2926 qui
322 2871 416 2927 precede,
426 2877 447 2914 et
459 2883 508 2924 ques
523 2875 576 2926 (vir-

150 2936 195 2988 tue)
208 2937 275 2978 etiem
282 2937 374 2986 nepuwr
384 2935 503 2978 universes
516 2937 575 2979 tueri

150 2997 222 3038 eeteat
235 2997 286 3048 (Cle.
300 2999 362 3047 tel„
375 2995 521 3050 resen-3.
533 2999 576 3040 lte·

149 3058 255 3106 mesticis.
263 3058 313 3111 qu’il
322 3057 387 3100 teeait
393 3058 445 3106 dens
452 3071 475 3101 sn
482 3058 573 3102 urnisen.

631 2317 723 2358 milliens
744 2315 771 2356 de
793 2319 910 2358 sesterces.
929 2315 961 2360 Cf.
987 2315 999 2369 ὅ
1018 2316 1057 2370 to,

630 2384 678 2420 nete
691 2377 713 2426 2,
725 2382 747 2419 et
757 2375 791 2428 45,
801 2370 851 2419 nete
863 2378 882 2420 l.
892 2401 918 2410 -
927 2375 947 2418 2.
954 2379 981 2420 ln
988 2378 1059 2422 tate-
1128 2427 1129 2432 ¹

630 2439 666 2488 tis,
676 2439 711 2492 qui
722 2443 771 2482 sent
779 2439 867 2483 inserite
878 2440 932 2482 dens
939 2439 972 2482 les
979 2440 1058 2494 regis·-
1128 2441 1129 2450 ¹

631 2502 746 2544 tres-3.
767 2501 827 2554 ope.
854 2501 915 2544 Gelte
932 2501 1008 2543 deesse
1028 2502 1057 2544 de

630 2561 1058 2617 l'ebeedenees'appeleitelrezlesGrees

630 2623 694 2666 Rhea.
702 2624 756 2666 -ι,
767 2624 1058 2679 Peeentae,genitileppose

630 2685 642 2726 ir
660 2689 796 2737 sertertium,
827 2687 863 2740 qui
888 2691 922 2728 est
942 2691 1057 2728 sens-ent.

629 2760 681 2790 eree
702 2751 782 2800 septies
803 2749 891 2791 milltes.
909 2748 1007 2800 L'ergent
1024 2747 1056 2789 dn

630 2809 699 2851 treser
719 2811 789 2864 punite
803 2815 836 2852 est
856 2809 931 2864 appele
950 2809 1055 2860 sumata,

629 2884 692 2926 perce
703 2873 752 2925 qu'il
767 2871 821 2914 aete
833 2869 980 2924 extorquentur
997 2871 1059 2912 mel-

630 2936 743 2976 lienreuses
756 2934 875 2988 provinces.
884 2946 909 2974 eu
922 2933 1019 2988 previent
1031 2935 1060 2976 rte

630 2997 786 3048 conliseatiens.
804 3019 830 3028 -
853 2998 873 3038 5.
895 2995 1059 3048 Qeatntnacn-

632 3060 681 3107 ltes.
689 3063 790 3112 quarente
802 3058 897 3113 milliens
907 3056 934 3101 de
942 3061 1051 3101 sesteress
