2284 3496
135 115 179 166 198
342 111 526 166 ,eultrrelct
549 113 695 172 sucunnt,
716 113 784 174 XLV,
806 111 862 162 116.

148 230 247 294 laudis
264 236 414 310 gustatum
428 247 489 290 non
506 227 627 290 habent.
645 226 704 292 Se'd
718 228 744 290 si
757 235 785 290 te
800 229 865 290 laus
877 227 1001 294 allicere
1017 235 1057 296 ad

133 328 412 394 -recteiaciendum
427 345 485 388 non
499 332 606 407 potest,
622 345 660 388 ne
675 332 771 388 metus
783 325 905 408 quidem
918 347 936 390 a
950 327 1059 392 foedis·

147 428 233 492 simis
254 425 339 488 sactis
361 430 458 506 potest
479 421 628 486 avocare?
644 421 763 486 Judicia
789 443 848 486 non
875 425 1051 492 metuis.·Si

148 530 268 608 propter
282 521 493 600 innocentiam,
514 520 603 586 laudo
619 541 626 582 :
644 520 690 584 sin
703 529 823 603 proptor
837 521 909 598 vim,
926 541 987 586 uon
1001 523 1055 586 in-

135 623 269 702 telligis,
290 621 342 702 qui
360 619 417 682 isto
432 618 520 682 modo
536 617 652 699 judicia
666 637 727 681 nou
744 621 860 698 timeat,
876 620 904 682 ei
923 619 996 702 quid
1012 619 1053 682 ti-

146 719 289 783 mendum
304 715 365 780 sit?

156 865 157 872 .
186 817 256 880 tto.
281 815 394 890 Quodsi
421 832 482 876 non
502 813 611 876 metuis
634 814 714 876 viros
737 815 828 878 sortes
855 819 1055 903 egregiosque

145 917 236 992 cives,
251 915 363 995 quoda
385 930 509 994 corpore
528 919 579 974 tuo
601 913 797 994 prohibentur
821 914 924 994 armis,
941 919 986 979 tui
1006 928 1051 998 te,
1118 947 1119 950 ¹

145 1013 219 1076 mihi
235 1011 336 1089 credo,
359 1009 472 1073 diutius
495 1027 557 1071 non
581 1008 688 1071 ierant.
706 1009 777 1083 Quae
799 1019 844 1072 est
868 1021 967 1075 autem
986 1017 1055 1080 rita

145 1111 210 1174 dies
226 1117 255 1172 et
272 1115 375 1171 noctes
389 1107 496 1169 timere
509 1125 527 1168 a
541 1104 627 1168 suis?
638 1106 698 1168 nisi
712 1096 800 1168 vero¹
818 1115 869 1170 aut
885 1111 1052 1191 majoribus
1116 1119 1117 1170 J

144 1203 404 1270 habeswboneficiis
421 1203 577 1284 obligatos,
592 1222 680 1284 quarn
698 1205 751 1266 ille
764 1205 927 1285 quosdam*
942 1207 1054 1273 habuit

144 1304 229 1369 exiis
243 1322 261 1366 a
281 1301 390 1385 quibus
409 1309 454 1365 est
471 1302 656 1380 interfectus,
679 1309 730 1365 aut
746 1309 778 1364 tu
794 1321 831 1364 es
848 1303 955 1366 ullane
978 1325 1052 1370 cum

137 1422 178 1466 ‚eo
194 1401 422 1483 comparandus.
435 1391 503 1463 Fuit
515 1399 547 1461 iu
563 1400 615 1462 illo
630 1399 794 1478 ingenium,
810 1401 886 1462 ratio
894 1403 916 1479 ³,
932 1421 1051 1468 memo-

141 1502 197 1576 ria,
215 1500 350 1578 litterae⁴,
367 1517 449 1576 cura,
470 1497 618 1576 cogitatio,
633 1496 805 1576 diligentia3
822 1516 870 1560 res
885 1498 964 1563 bello
977 1520 1050 1582 ges·

142 1604 223 1660 serat
237 1595 372 1680 quamvis
393 1597 439 1658 rei
460 1593 585 1676 publicae
604 1594 801 1673 calamitosas,
816 1602 846 1656 at
864 1603 964 1658 tamen
980 1617 1049 1663 ma·

141 1713 230 1775 gnas3
247 1695 357 1757 multos
372 1711 465 1755 annos
480 1710 604 1772 regnare
623 1693 783 1754 meditatus
804 1711 911 1773 magno
919 1695 1044 1776 sslahore,

141 1792 242 1855 multis
256 1791 397 1874 periculis
411 1790 492 1872 quod
507 1791 647 1868 cogitarat
661 1790 816 1870 effecerat3
831 1792 1009 1857 muneribus
1019 1797 1044 1873 ⁵,

140 1891 343 1968 monimentis,
357 1887 527 1967 congiariis,
537 1888 632 1968 epulis
641 1888 863 1951 multitudinem
872 1890 1046 1972 imperitam

140 1987 315 2061 delenierat
329 2006 399 2050 suos
407 1987 547 2069 praemiis,
555 1986 742 2048 adversarios
752 1987 1048 2069 clementiaspecie⁶

140 2085 326 2149 devinxerat:
337 2085 410 2167 quid
420 2081 532 2147 multa?
542 2083 681 2146 attulerat
684 2085 746 2165 iam
755 2083 856 2148 libera
864 2086 974 2148 civitati
981 2106 1051 2168 par·

139 2183 192 2246 tim
205 2184 420 2266 metu,'partim
436 2182 595 2265 patientia⁷
616 2181 864 2245 consuetudinem
878 2183 1044 2248 serviendi.

138 2443 160 2482 ct
170 2451 196 2480 nc
204 2443 247 2482 sert
257 2439 304 2494 qu'a
314 2438 389 2484 courir
396 2451 436 2482 une
443 2439 499 2482 torto
509 2439 562 2482 lini·

137 2513 175 2544 son
187 2505 249 2543 entre
259 2501 291 2543 lea
303 2501 398 2556 phrasea.

160 2567 222 2608 m.
240 2557 325 2608 111131
342 2575 403 2616 vcro,
424 2577 476 2608 areo
489 2565 565 2608 l'indi·

135 2625 194 2676 canit,
210 2625 319 2681 s’cmploie
333 2625 386 2668 dans
395 2627 489 2670 l'ironie.
503 2627 564 2670 Getta

617 2563 664 2604 rien
683 2561 755 2616 (truite
767 2563 794 2606 dc
813 2563 942 2618 Analogia),
958 2565 974 2606 il
988 2566 1050 2610 mit

617 2624 675 2666 aussi
687 2623 742 2666 ecrit
753 2635 781 2666 un
792 2623 847 2667 liure
856 2625 882 2667 dc
896 2627 967 2669 catria
980 2631 1001 2670 et
1014 2641 1047 2671 un

618 2439 743 2481 natssances
766 2439 881 2482 litterairen
899 2445 921 2482 ct
940 2441 1049 2486 scicntifi-
1118 2457 1119 2462 ¹

617 2512 682 2555 quen
697 2505 788 2552 oratam,
802 2501 917 2553 historien,
927 2505 1049 2558 grammai-
1118 2501 1119 2542 Ξ

134 2689 212 2744 phrase
222 2700 245 2730 se
260 2693 359 2744 rapporte
371 2687 383 2731 t
394 2689 431 2732 tui
441 2691 463 2732 tc
474 2689 563 2732 atatim

135 2761 183 2802 noc
196 2749 313 2802 forano-
323 2751 344 2793 2.
353 2751 472 2804 Quosdam,
480 2762 563 2794 comme

135 2810 165 2856 Μ.
174 2817 196 2855 et
204 2814 326 2865 Butuntos,
334 2814 357 2858 G.
368 2814 464 2864 Cassius.
475 2815 498 2858 C.
508 2816 563 2856 Tre-

134 2875 221 2925 borum,
236 2877 296 2924 Serv.
311 2877 416 2932 Sulpicius
435 2877 507 2929 unta,
528 2877 562 2919 les

134 2937 188 2980 deux
205 2937 275 2981 ireres
291 2939 394 2982 Servilios
412 2939 484 2982 Casca.
500 2960 526 2970 —
540 2938 560 2982 3,

134 3000 207 3048 nocto.
221 3001 323 3054 capritde
337 3001 492 3054 combinainon,
501 3001 563 3056 juge-

138 3061 254 3104 ment—t.
266 3064 500 3107 intercurrentes
511 3076 562 3107 con-

617 2685 684 2740 grand
696 2697 787 2740 ouvrage
805 2687 831 2728 tie
850 2688 969 2740 auspiciis.
983 2711 1013 2720 -
1025 2691 1049 2734 5.

616 2750 754 2799 Mamertina,
761 2749 819 2802 jann.
825 2748 876 2792 -6,
884 2750 971 2802 socco.
980 2751 1049 2795 Cico-

617 2823 665 2864 ron,
676 2811 712 2864 qni
721 2811 774 2854 dans
788 2823 812 2854 co
823 2812 914 2867 portrait
924 2823 947 2854 na
958 2819 1048 2858 mootro

615 2887 675 2918 aeter
696 2876 762 2928 juste,
777 2886 804 2916 na
817 2873 848 2915 dit
867 2885 906 2928 pas
924 2887 986 2917 mser
1003 2889 1049 2931 par

616 2939 688 2992 specie
700 2951 708 2980 .·
722 2937 743 2978 la
755 2935 864 2980 clemenca
878 2937 905 2980 de
915 2935 980 2981 casm
990 2936 1048 2983 &tait

617 3001 690 3044 recila.
707 3022 727 3032 -
738 3000 758 3042 7.
770 3001 891 3051 Patientia,
903 3000 1005 3056 parauite
1018 3001 1048 3045 de

616 3069 679 3106 notre
691 3061 824 3118 resignation
