2284 3496
280 121 717 182 uuintoniensnounm,xrv1,
736 121 776 171 ot.
945 121 975 172 oa

56 235 192 298 Romami
221 244 382 317 conspectu
411 253 530 298 vomere
563 235 736 318 postridie².
770 233 887 300 O-rem
912 256 972 299 non

57 333 156 394 modo
174 333 239 396 visu
253 334 374 408 foedam,
392 332 444 394 sed
466 333 556 395 etiam
574 333 694 395 auditu!
719 333 750 398 Si
770 333 849 395 inter
867 353 971 396 uenam

56 429 92 491 in
107 430 184 512 ipsis
201 432 257 492 tuis
273 431 453 492 immanibus
475 432 537 493 illis
560 431 676 512 poculis
697 430 754 492 hoc
769 431 822 493 tibi
844 433 968 494 eccidis-

57 535 119 604 set,
138 528 205 609 quis
222 547 280 590 non
294 536 380 608 turpe
403 528 547 590 duceret?
560 529 592 588 in
608 535 684 590 coetu
699 547 769 588 vero
785 529 885 609 populi
908 530 970 592 llo·

56 624 156 700 mani,
176 625 326 704 negotium
348 623 501 704 publicum
518 642 637 703 gerens,
662 625 807 704 magister
822 625 967 706 equitum,

56 721 109 782 cui
132 730 251 782 ructare
267 728 354 803 turpe
382 729 471 799 esset,
495 721 521 782 is
543 741 664 784 vomens
688 721 791 784 frustis
809 723 968 786 esculentis

55 819 165 880 vinum
178 818 382 880 redolentibus
397 818 542 897 gremium
566 839 653 881 suum
676 826 705 880 et
725 825 820 880 totum
835 819 966 883 tribunal

56 916 206 996 implevit.
224 915 282 980 Sed
300 915 363 976 baec
378 916 442 997 ipse
457 917 568 978 latetur
587 935 653 978 esse
676 916 708 976 iu
723 915 786 982 suis
801 917 939 980 sordibus
957 938 964 979 :

56 1007 214 1074 veniainus
228 1014 266 1076 ad
280 1012 496 1094 splendidiora.

98 1109 201 1172 XXVI.
216 1111 266 1172 bl.
290 1109 388 1173 Caesar
411 1110 612 1172 Alexandria¹
634 1129 666 1174 se
688 1111 813 1192 recepit,
836 1111 917 1191 felix,
934 1119 965 1174 vt

56 1206 116 1268 sibi
130 1207 253 1289 quidem
267 1207 440 1284 videbatur3
459 1225 524 1268 mea
544 1215 644 1269 autem
665 1209 825 1286 sententia,
843 1209 894 1289 qui
919 1210 964 1270 rei

19 1359 24 1371 ,
56 1303 185 1384 publicae
200 1303 238 1365 sit
255 1303 361 1379 bostlS,
380 1303 451 1366 lelix
466 1322 531 1366 esse
554 1324 641 1366 nemo
657 1313 766 1386 potest.
783 1307 892 1368 Hasta²
908 1326 964 1388 po-

29 1436 34 1441 ·
55 1405 112 1466 sita
126 1423 179 1486 pro
191 1404 344 1488 radalonis
355 1403 489 1479 Statoris,
504 1403 581 1466 bona
594 1403 727 1483 subjecta
736 1404 790 1467 Cn.
802 1402 963 1485 Pompei—

56 1501 201 1564 miserum
214 1503 277 1564 me!
295 1501 479 1582 consumptis
494 1501 572 1563 enim
594 1501 726 1576 lacrimis
741 1509 840 1562 tamen
855 1501 963 1564 infixus
1013 1515 1016 1520 ·

55 1600 148 1662 haeret
171 1601 271 1662 animo
294 1600 380 1663 dolor
406 1637 457 1677 —‚
475 1599 564 1678 bona,
589 1601 723 1681 inquam,
752 1598 807 1661 Cn.
838 1598 963 1682 Pompei
1016 1631 1034 1680 3
1132 1683 1133 1690 ἵ

54 1697 150 1774 Magni
174 1697 238 1758 voei
262 1697 465 1760 acerbissimae
495 1697 629 1777 subjecta
655 1697 814 1778 praeconis.
844 1697 909 1760 Una
929 1697 961 1760 iu
1026 1755 1027 1759 ,

55 1793 107 1854 illa
118 1811 152 1855 re
164 1792 313 1856 servitulis
336 1793 427 1857 oblita
450 1794 552 1856 civitas
570 1793 735 1874 ingemuit3
752 1793 962 1856 servientibus·

53 1910 111 1970 que
134 1890 254 1970 animis,
283 1911 351 1954 eum
375 1893 476 1952 omnia
505 1899 586 1953 metu
619 1899 803 1968 tenerentur,
831 1890 959 1969 gemitus

54 1995 152 2051 tamen
168 1988 269 2070 populi
280 1989 406 2052 Romani
421 1988 499 2051 liber
518 1989 584 2051 luit.
601 1987 847 2070 Exspectantibus
860 1989 959 2050 omni-

48 2084 111 2151 bus
125 2087 262 2166 quisnam
284 2095 362 2148 esset
382 2096 442 2147 tam
464 2086 585 2167 impius,
606 2095 666 2147 tam
682 2087 816 2162 demenS,
834 2093 894 2148 tam
912 2086 957 2148 dis

55 2183 283 2264 hominibusque
295 2183 400 2259 hostis,
417 2183 466 2264 qui
480 2183 517 2244 ad
529 2183 605 2244 illud
618 2183 716 2244 scelus
731 2183 891 2244 sectionis³
906 2201 958 2244 eu-

55 2279 135 2342 deret
152 2281 305 2359 accedere,
329 2281 467 2343 inventus
489 2287 533 2342 est
554 2298 641 2342 nemo
658 2286 766 2361 praeter
779 2279 954 2359 Antonium,

40 2377 220 2459 prasertim
240 2378 329 2442 eum⁴
342 2384 383 2440 tot
407 2384 507 2440 essent
529 2377 640 2439 eiroum
665 2376 781 2438 hastam
800 2376 881 2438 illam
903 2378 954 2459 qui

55 2564 74 2607 2.
88 2566 193 2608 Postridie
214 2569 246 2608 est
271 2566 312 2606 mis
333 2563 379 2606 ala
401 2564 427 2604 sm
446 2562 472 2605 de
526 2561 612 2617 pde.-
626 2562 646 2605 Ξ.
659 2563 737 2606 llaala.
751 2563 954 2616 Unepiqueeulou-

57 2627 169 2681 lepbrase,
186 2639 250 2681 poree
264 2627 325 2680 qu'on
341 2632 390 2668 veut
399 2626 425 2668 toi
440 2626 471 2668 lul
526 2624 563 2667 ede
575 2624 628 2667 dana
638 2625 660 2668 le
676 2625 707 2667 nol
721 2624 823 2679 indiqualt
837 2625 871 2666 les
881 2629 954 2666 rentes

55 2689 134 2730 donner
152 2701 194 2730 une
218 2689 351 2744 importanoe
373 2689 472 2742 partiou—
524 2687 564 2730 des
577 2687 637 2730 biens
656 2686 785 2740 oonllsqnda.
800 2707 826 2718 -
839 2685 859 2728 ³.
875 2687 953 2728 Scelus

56 2749 113 2791 llere.
523 2751 638 2799 recitante,
660 2747 752 2791 enehdre
771 2747 952 2790 abominame-

21 2855 22 2858 ,
78 2817 119 2854 οι.
134 2811 151 2853 l.
164 2809 389 2856 Alexandriacdsar
404 2811 471 2865 quitta
524 2809 544 2853 l.
559 2812 689 2854 Praesertim
712 2820 763 2854 eum
782 2807 896 2863 s'explique
916 2819 954 2863 par

55 2873 172 2916 Alexandrle
200 2885 254 2928 pour
281 2875 334 2917 aller
355 2874 470 2916 oombattre
523 2886 563 2914 une
577 2872 710 2926 ellipsoree
728 2871 763 2924 qui
780 2874 814 2912 est
832 2868 952 2912 tresdtou-

55 2936 161 2985 Pharnace,
181 2936 213 2976 roi
231 2933 257 2977 du
279 2936 343 2978 Pont.
360 2934 428 2990 Aprds
448 2948 470 2976 sa
523 2940 581 2984 nunt,
593 2938 674 2974 sunout
681 2933 775 2986 lorsque,
788 2935 829 2974 ete.
844 2931 905 2974 Getta
912 2945 949 2974 ex-

55 2997 141 3048 victoire,
166 2997 180 3038 il
202 2997 272 3039 revint
287 2997 298 3039 'a
315 2999 387 3050 llome,
410 3002 432 3039 et
447 2998 470 3038 til
521 2996 617 3050 pressiori
636 2997 686 3049 peut
704 3005 727 3036 se
748 2992 843 3036 leuduino
863 2992 891 3036 iel
911 3005 949 3048 par

53 3059 124 3104 vendre
133 3059 164 3102 les
173 3058 235 3100 biens
244 3059 361 3114 contisquds
370 3059 397 3102 de
407 3060 469 3101 Pom·
521 3059 623 3112 quelque·
